3132 5140
372 463 430 523 256
624 483 695 528 mss.
719 483 746 527 v.
769 483 910 530 cournov.
933 485 1013 531 ciaon
1034 486 1117 532 mm.
1141 489 1253 536 uunrr.

245 719 250 734 ⁹
371 630 427 707 bis
444 623 628 732 ignotum,
649 636 746 712 unde
762 635 869 713 illam
886 637 1116 739 palinodiam
1132 641 1307 722 didicerit
1324 649 1374 744 (ι),
1401 671 1490 723 nemo

372 766 536 866 prolecto
554 769 664 848 facile
681 771 890 850 crediderit.

422 931 457 1017 7.
477 939 630 1020 Deleotu
649 943 763 1020 etiam
781 944 1088 1022 documentorum
1106 971 1181 1023 non
1194 949 1317 1050 potuit
1333 950 1492 1028 hactenus

372 1071 464 1148 satis
481 1079 610 1153 exacte
627 1077 774 1153 definiri
795 1103 868 1180 quo
886 1082 1053 1181 tempore
1070 1081 1221 1184 singula
1238 1109 1353 1187 supra
1375 1109 1493 1162 memo·

374 1211 456 1285 rata
473 1212 708 1312 contigerint.
727 1213 809 1290 Hoc
827 1213 1059 1291 solummodo
1077 1221 1221 1293 certrrm
1240 1224 1308 1306 est,
1328 1244 1371 1296 ea
1387 1217 1494 1295 omnia

373 1343 575 1422 terminata
592 1347 707 1424 fuisse
724 1353 809 1426 ante
827 1353 996 1426 exortam
1014 1375 1111 1426 anno
1129 1356 1201 1428 257
1219 1355 1493 1453 persecutionem

373 1475 579 1556 Valeriani.
610 1479 808 1582 Quumque
833 1481 1046 1584 Stephanus
1072 1507 1169 1559 arrno
1195 1489 1268 1561 253
1289 1484 1348 1560 vel
1369 1489 1434 1561 251
1457 1483 1493 1560 ad

373 1612 617 1691 Pontificium
651 1615 786 1692 solium
821 1621 971 1692 evectus
1006 1617 1068 1705 sit,
1104 1641 1172 1692 neo
1206 1617 1333 1694 statim
1362 1615 1494 1693 exordio

374 1751 624 1830 Pontificatus
664 1754 721 1830 sui
762 1753 995 1856 Cyprianum
1029 1753 1289 1830 adversarium
1323 1751 1492 1837 habuerit,

376 1887 471 1988 quod
508 1887 599 1964 satis
633 1891 779 1964 constat
807 1913 853 1964 ex
882 1887 996 1989 hujus
1030 1887 1197 1991 epistolis
1230 1886 1333 1964 circa
1366 1884 1495 1987 negotia

374 2023 563 2100 Marciani
591 2023 822 2100 Arelatensis
848 2027 885 2122 (2)
912 2028 950 2101 et
979 2023 1158 2101 Basilidis
1183 2049 1227 2101 ac
1258 2021 1439 2100 Martialis
1461 2023 1493 2116 11)

375 2157 524 2259 scriptis
552 2189 559 2233 :
584 2158 735 2236 omnino
756 2158 1051 2236 concludendum
1072 2163 1129 2236 ost
1149 2159 1436 2236 controversiam
1457 2154 1494 2228 de

372 2291 556 2392 baptismo
580 2291 842 2369 haereticorum
866 2293 1075 2394 ponendam
1093 2297 1174 2370 esse
1189 2293 1290 2369 intra
1308 2315 1420 2368 annos
1434 2291 1495 2364 251

372 2428 410 2500 et
425 2429 509 2501 256.

424 2600 462 2683 8.
488 2605 575 2681 Jam
601 2605 646 2681 ad
674 2605 897 2706 quaestiones
926 2605 1027 2681 circa
1055 2604 1162 2681 illam
1192 2604 1385 2681 historiam
1410 2595 1495 2700 apud

373 2737 595 2813 recentiores
632 2737 819 2840 praecipue
856 2738 1019 2838 agitatas
1058 2738 1284 2826 accedimus,
1320 2733 1497 2839 praemisso

372 2872 476 2948 brevi
498 2872 650 2949 elencho
672 2897 801 2968 eorum
828 2898 920 2974 quos
944 2872 990 2949 de
1012 2870 1087 2948 illis
1111 2872 1333 2948 disserentes
1354 2862 1496 2972 perlegi·
1555 2983 1556 2988 Ἰ

373 3032 468 3084 mus.
492 3009 639 3084 Horum
656 3007 835 3109 praecipui
854 3011 942 3084 sunt
1555 2989 1556 3059 l

422 3152 636 3239 Bnnonuus,
652 3155 798 3226 Arzoot.
815 3150 862 3227 ad
876 3174 937 3226 an.
954 3153 1039 3226 258.
1057 3175 1093 3224 n.
1116 3155 1154 3225 11
1172 3174 1251 3251 sqq.
1269 3196 1316 3204 -
1330 3150 1422 3225 Pnor
1437 3147 1497 3244 (l.)
1554 3219 1555 3313 p

375 3286 502 3363 Critic.
524 3285 566 3359 50
584 3286 817 3372 Bononiam,
846 3283 1066 3361 01110255
1090 3285 1241 3382 (Boron.
1263 3287 1345 3381 258)
1368 3309 1402 3359 0.
1422 3283 1499 3357 616

373 3424 488 3498 etan.
514 3423 598 3496 256.
626 3445 663 3495 0.
691 3425 789 3496 517.
812 3465 858 3474 -
877 3421 1173 3508 Butunnmnus
1193 3425 1249 3494 De
1266 3426 1374 3496 Rom.
1395 3423 1495 3494 Pont.

371 3556 398 3633 l.
432 3557 499 3632 IV.
530 3582 562 3632 c.
596 3563 630 3632 7.
664 3603 711 3614 —-
742 3556 1026 3644 Tucnnssrnus
1059 3559 1110 3630 10
1143 3557 1313 3633 Concilio
1343 3554 1438 3630 Diss
1468 3547 1497 3624 ll
1552 3541 1554 3566 ¹

372 3691 528 3790 (inserta
550 3691 595 3766 P.
626 3691 668 3766 L.
694 3693 721 3766 t.
750 3689 820 3767 Ill.
848 3715 884 3792 p.
916 3693 1032 3787 1217).
1061 3735 1107 3744 -
1132 3687 1338 3765 Oousranr
1362 3688 1432 3784 (P.)
1453 3689 1499 3760 llo

372 3851 462 3903 ocra
486 3828 670 3922 Stephani
693 3827 882 3902 00010010
907 3828 947 3900 50
974 3850 1092 3901 conso
1116 3823 1297 3920 baptismi
1326 3822 1498 3897 100001500-

373 3987 464 4038 runi
489 3961 588 4060 (ibid.
610 3986 645 4063 p.
671 3965 786 4058 1249).
808 4007 856 4016 -
872 3959 1062 4061 Anonymi
1089 3964 1145 4034 De
1166 3959 1394 4035 00010051010
1414 3960 1499 4031 Pou-
1551 3993 1552 4071 q

373 4098 702 4190 1550500015005010
722 4097 907 4193 Cypriani
923 4104 1024 4190 sacto
1043 4095 1275 4190 intpupnoto
1293 4085 1499 4167 Dissertatio

401 4357 432 4410 (1)
443 4349 530 4409 Quod,
541 4349 603 4413 post
613 4347 764 4410 Boscmun,
774 4345 922 4398 subtimido
991 4346 1020 4408 (a)
1032 4344 1119 4409 Epist.
1133 4345 1167 4394 67
1183 4343 1224 4406 (P.
1240 4342 1272 4394 L.
1288 4345 1309 4394 t.
1330 4342 1382 4394 111.
1402 4357 1426 4406 p.
1441 4337 1498 4397 666).
1549 4387 1550 4410 ζ

370 4441 498 4505 opinatus
524 4441 565 4489 est
591 4438 753 4489 Sursuunus
778 4437 846 4498 (dcc.
873 4435 919 4488 SS.
987 4435 1117 4499 ccupat.
1132 4435 1173 4485 68.
1188 4433 1333 4494 1151111111.
1348 4447 1373 4497 p.
1389 4431 1462 4492 1626).

371 4533 437 4582 tom.
452 4529 496 4581 lV.
511 4527 585 4593 Sept.
599 4541 626 4592 p.
639 4529 696 4579 312.
710 4541 736 4580 n.
750 4529 816 4591 756).
