3208 5150
344 447 409 492 cun.
433 449 453 493 1.
477 448 569 494 uruuu
592 448 697 494 neruus
718 449 811 496 nonan
834 451 963 510 venenu,
989 453 1048 498 erc.
1239 442 1272 500 m

118 613 201 712 ejus
215 611 426 688 concordia
438 637 523 689 eum
538 614 707 691 blosaica
720 615 976 695 disserentem.
994 619 1082 697 Alia
1095 626 1278 722 praeterea

119 746 219 823 ratio
243 747 436 848 assignari
460 751 581 850 potest
604 773 673 824 cur
696 749 860 826 aPanlo
881 752 1004 829 vocati
1024 753 1175 830 adeum
1195 754 1276 857 plu-

118 882 244 959 rimie
262 885 287 960 J
291 883 487 960 udaeorum
504 884 731 987 primoribus
750 887 1009 978 convenirent,
1030 890 1119 991 quia
1137 891 1278 966 scilicet

119 1018 150 1092 is
168 1043 295 1119 quum
313 1018 408 1094 civis
427 1019 623 1096 Romanus
642 1027 738 1099 esset
756 1024 793 1097 et
811 1046 834 1097 a
850 1023 996 1098 ludaeis
1014 1028 1212 1100 accusatus
1230 1024 1276 1099 od

120 1150 319 1229 Caesarem
342 1158 593 1256 provocasset,
621 1154 753 1230 timere
782 1160 1025 1258 poterantne
1050 1157 1186 1233 iterum
1213 1155 1276 1232 ad-

120 1311 257 1363 versus
286 1312 350 1364 eos
370 1313 542 1365 severum
568 1288 730 1366 edictum
758 1290 804 1365 ab
833 1289 1059 1391 imperatore
1089 1289 1273 1366 ederetur.

169 1452 241 1534 20.
270 1456 332 1530 Ad
355 1464 403 1532 4¹¹¹
428 1456 478 1534 R.
508 1455 691 1542 Quamvis
719 1455 976 1558 apostolorum
1001 1457 1156 1559 collegio
1180 1485 1277 1536 com-

119 1594 286 1670 missum
304 1593 436 1680 fuisset
454 1618 590 1670 nrunus
609 1593 765 1669 docendi
784 1619 912 1671 omnes
936 1601 1064 1696 gentes
1082 1601 1119 1672 et
1136 1597 1275 1698 singuli

117 1727 204 1805 inde
239 1728 545 1830 jurisdictionem
579 1727 849 1817 universalem,
886 1754 952 1804 seu
988 1755 1102 1831 quam
1137 1730 1275 1832 ubique

117 1888 300 1942 exercere
324 1869 510 1966 poterant,
536 1889 560 1941 a
584 1863 737 1942 Christo
761 1866 1006 1968 accepissent,
1034 1864 1130 1941 nihil
1148 1869 1274 1942 tamen

117 1999 298 2075 obstabat
316 1999 515 2099 quominus
534 1999 801 2100 particularem
819 1998 986 2101 aliquam
1004 2000 1199 2076 ecclesiam
1218 2025 1274 2076 re-

117 2134 290 2233 gendam
316 2134 558 2236 susciperent.
587 2134 637 2210 Et
660 2134 714 2210 ita
735 2135 899 2211 lacobus
923 2133 1113 2237 apostolus
1140 2134 1274 2211 Hiero·
1390 2227 1392 2232 .

118 2271 361 2372 solymorum
387 2271 502 2347 suisse
528 2271 723 2372 episcopus
748 2269 966 2372 perhibetur
989 2273 1035 2348 ab
1061 2271 1274 2374 Hegesippo

118 2411 155 2482 et
182 2406 383 2484 Clemente
408 2405 665 2482 Alexandrino
691 2409 742 2505 (l,
771 2411 808 2482 et
834 2407 971 2482 Petrus
997 2406 1118 2508 primo
1144 2406 1273 2482 Antio·

119 2539 286 2616 chenam
310 2541 450 2617 rexisse
472 2540 679 2616 ecclesiam.
702 2540 772 2618 Sed
792 2545 828 2617 et
848 2542 962 2617 Petro
982 2541 1173 2642 praecipua
1192 2545 1274 2616 erat

120 2673 217 2750 ratio
246 2699 319 2750 cur
345 2675 564 2776 particulari
595 2675 745 2751 cuidam
776 2675 942 2751 ecclesiae
968 2676 1022 2751 ita
1048 2675 1270 2763 adhaereret,

118 2813 160 2884 ut
176 2808 328 2886 scilicet
347 2835 577 2887 successores
597 2810 810 2911 designaret
829 2812 1014 2914 primatus
1033 2811 1102 2886 sibi
1121 2836 1144 2887 a
1162 2811 1271 2888 Chri-

120 2946 176 3018 sto
208 2942 341 3020 collati
372 2951 409 3020 et
437 2969 555 3045 usque
585 2944 632 3021 ad
664 2945 776 3020 finem
805 2945 1017 3022 seculorum
1047 2946 1086 3021 in
1116 2945 1273 3022 ecclesia

120 3077 336 3153 exercendi.

168 3241 229 3326 21.
259 3247 319 3322 Ad
342 3255 390 3324 5¹¹¹
414 3251 463 3327 R.
491 3249 686 3335 Transeat,
713 3251 886 3350 quunns
911 3251 947 3325 id
973 3275 1046 3326 non
1071 3250 1162 3326 satis
1187 3274 1270 3350 pro-

119 3378 241 3456 betur.
284 3382 356 3458 Sed
391 3383 479 3484 quid
515 3384 621 3459 inde'l
661 3383 787 3470 Quum
822 3385 1031 3486 prasertim
1067 3385 1269 3460 secundum

120 3517 369 3593 traditionem
395 3518 619 3594 catholicam
645 3519 754 3595 ambo
781 3518 939 3619 apostoli
966 3517 1077 3594 sinml
1104 3519 1270 3595 ccclesiae

118 3651 309 3728 Romanae
328 3652 526 3728 condendre
544 3651 802 3730 allaborarint.

168 3818 232 3900 22.
251 3821 313 3897 Ad
336 3828 387 3897 6¹¹¹
414 3823 463 3900 R.
498 3823 626 3926 lpsum
654 3825 928 3926 Hieronymum
959 3849 1033 3899 non
1061 3825 1113 3900 ita
1143 3825 1270 3900 stricte

121 3956 415 4058 interpretatum
440 3983 519 4034 esse
542 3959 657 4034 verba
680 3957 821 4036 Christi
847 3985 894 4035 cx
920 3983 962 4036 eo
987 3964 1089 4060 patet
1110 3959 1207 4060 quod
1230 3959 1269 4033 in

120 4088 214 4168 libro
239 4115 312 4168 suo
334 4095 390 4165 Dc
409 4093 503 4168 uiris
522 4096 739 4171 illustribus
757 4096 793 4194 (2)
816 4095 952 4170 diserte
974 4093 1091 4170 tradit
1112 4095 1268 4168 Petrum

149 4362 181 4424 u)
204 4367 259 4426 up.
289 4359 390 4410 ursui.
415 4361 451 4413 n.
476 4362 510 4413 rr.
536 4363 571 4414 11.
603 4368 623 4424 1,
648 4367 680 4416 23
746 4362 1265 4431 meap.1(1‘.L.t.xx111.p.oon.

118 4451 158 4508 ir.
172 4453 203 4504 o.
219 4455 238 4502 t.
255 4449 321 4500 xx.
336 4463 379 4514 pp.
396 4454 448 4512 135,
464 4455 527 4518 ma).
