3170 5134
454 493 514 540 ma.
538 495 575 542 ιν.
598 493 634 542 m
655 489 838 540 nrrrourrus.
1160 473 1219 538 427

88 658 288 760 superbiam
307 659 523 751 Neratium,
543 662 607 763 qui
629 665 767 740 setam
790 657 999 737 vonerabili
1022 659 1136 736 coetui
1154 684 1217 761 op·
1247 699 1272 732 s

88 818 212 895 ponere
228 820 302 874 non
318 801 512 874 vereretur
529 800 579 898 (r).

134 970 191 1053 28.
215 979 253 1050 2⁰
278 975 384 1053 Inter
413 975 588 1077 epistolas
614 973 796 1077 Cypriani
826 978 901 1050 tres
932 971 1117 1048 habentur
1146 971 1217 1074 Cy-

87 1105 199 1205 priani
223 1108 268 1185 ad
292 1106 437 1185 clerum
462 1109 679 1187 Romanum
708 1112 745 1208 (a)
769 1111 805 1184 et
826 1107 911 1183 duae
936 1105 1025 1184 cleri
1052 1107 1216 1185 Romani

87 1239 128 1314 ad
157 1240 387 1344 Cyprianum
417 1245 470 1342 (a),
503 1269 587 1345 quae
616 1268 745 1322 omnes
775 1241 925 1344 scriptae
955 1242 1107 1319 fuerunt
1131 1242 1216 1320 sade

88 1373 249 1456 Romana
278 1384 438 1456 vacante
467 1385 551 1481 post
575 1379 719 1458 obitum
753 1379 791 1458 S.
826 1377 984 1455 Fabiani
1015 1380 1087 1476 (an.
1116 1381 1212 1478 250).

85 1509 162 1586 Jam
190 1537 278 1591 vero
308 1515 478 1616 priorum
508 1515 703 1618 inscriptio
724 1515 778 1592 sic
803 1514 926 1592 habet.
959 1549 974 1578 a
1003 1513 1216 1616 Cyprianus

88 1648 340 1750 presbyteris
362 1654 399 1727 et
428 1651 645 1730 diaconibus
669 1650 803 1730 Romae
831 1649 1116 1727 consistentibus
1143 1650 1216 1726 fra

83 1799 100 1838 'a
117 1781 232 1859 tribus
258 1783 432 1862 salutem.
461 1823 476 1851 n
508 1786 767 1864 Posteriorum
791 1791 916 1862 autem
944 1813 950 1858 :
980 1819 996 1850 c
1024 1783 1215 1885 Cypriano

86 1949 99 1976 η
119 1916 229 2021 Papae
242 1921 450 2023 presbyteri
469 1925 505 2000 et
519 1923 692 2000 diacones
710 1922 844 2000 Romae
857 1919 1100 1996 consistentes
1118 1918 1215 1996 saiu-

86 2057 199 2133 atem.
223 2095 238 2122 n
263 2103 308 2114 -
327 2058 478 2137 Rursus
502 2060 533 2135 si
551 2059 714 2160 episcopi
738 2054 987 2134 suburbicarii
1005 2036 1086 2131 tum
1104 2054 1215 2156 perti-

84 2186 240 2268 nuissent
262 2191 311 2269 ad
334 2193 550 2272 Romanum
576 2192 732 2282 clerum,
756 2194 794 2268 in
823 2192 884 2268 his
909 2189 1214 2291 inscriptionibus

84 2326 313 2418 praetermissi
331 2351 406 2404 non
423 2327 592 2405 fuissent.

17 2455 18 2532 ἕ
126 2495 185 2580 29.
216 2507 256 2580 3⁰
281 2503 327 2580 In
364 2505 595 2583 dissensione
632 2529 716 2607 quae
754 2508 837 2606 posi
874 2509 1033 2581 mortem
1070 2503 1212 2581 Libffl'fi

17 2613 19 2694 i
50 2703 51 2708 .
84 2633 145 2725 (an.
172 2639 254 2734 366)
278 2637 318 2713 in
340 2639 496 2716 ecclesia
522 2639 697 2718 Romana
717 2643 849 2717 exorta
875 2639 1049 2728 astabis
1076 2639 1212 2716 Dama·
1252 2641 1254 2646 ’

17 2863 18 2876 Ν
83 2787 167 2857 sum,
185 2770 271 2847 aliis
289 2771 472 2849 Ursinum
499 2799 564 2850 sou
587 2775 806 2852 Ursicinum
824 2773 1047 2850 Pontificem
1064 2772 1210 2849 concla-

82 2906 270 2997 mantibus,
295 2915 533 3011 reperiuntur
554 2935 600 2986 ex
621 2915 781 3012 utraque
807 2912 913 3012 parte
942 2907 1148 3010 presbyteri
1175 2913 1212 2985 et

17 3041 19 3160 p
81 3032 227 3131 diaconi,
255 3042 382 3120 nullus
407 3049 533 3122 autem
550 3045 745 3147 episcopus
764 3042 1045 3150 suburbicarias
1073 3045 1212 3143 praeter

17 3185 19 3292 p
81 3163 320 3265 Tiburtinum,
347 3177 410 3253 sed
436 3179 499 3279 qui
526 3178 648 3255 solum
670 3178 888 3256 nominatur
915 3175 1042 3276 utqui
1068 3174 1210 3251 Ursici-

17 3351 19 3484 ι
80 3329 157 3385 uum
173 3312 392 3391 ordinasset.

122 3481 182 3566 30.
207 3495 246 3567 4⁰
270 3490 385 3565 Liber
405 3492 575 3568 diurnos
597 3497 864 3568 Romanorum
889 3491 1126 3583 Pontificum
1151 3515 1206 3565 re-

17 3635 18 3706 t
81 3611 141 3692 fert
155 3619 335 3700 formulas
353 3622 596 3724 epistolarum
613 3623 748 3726 quibus
775 3621 998 3724 Imperatori
1024 3625 1061 3698 et
1084 3621 1206 3701 Exar-

80 3748 138 3827 cbo
157 3754 370 3836 Ravennati
394 3761 664 3838 nuntiabantur
685 3760 808 3837 obitus
831 3763 868 3838 et
891 3757 1022 3836 electio
1047 3758 1204 3838 Pontifi-

105 4032 129 4096 b)
138 4033 227 4100 Neque
238 4039 323 4092 etiam
334 4040 416 4107 (quod
425 4043 468 4094 est
477 4041 614 4107 praecipua
648 4043 707 4094 tum
725 4041 886 4107 episcopum
899 4055 959 4094 esse
977 4041 1005 4094 in
1017 4043 1135 4098 ecclesia
1147 4043 1203 4096 Ro·

80 4123 615 4196 eontraprimamseutentiamrpotuissat
648 4145 738 4184 mana.

81 4203 203 4268 Cornelius
214 4219 343 4271 omittere
359 4221 567 4285 responsionem
578 4221 613 4272 ad
679 4221 710 4285 (a)
723 4221 773 4273 Ed.
788 4220 877 4272 Maur.
891 4233 953 4286 epp.
969 4223 1009 4282 14,
1022 4222 1063 4285 22,
1075 4223 1107 4272 29
1118 4219 1160 4286 (P.
1169 4219 1201 4271 Ι..

17 4303 18 4324 ³
81 4296 241 4362 objectionum
252 4311 416 4374 quaastatim
425 4313 518 4380 inlhac
529 4313 614 4377 bypo·
647 4314 667 4364 t.
681 4311 726 4364 lv.
740 4326 785 4377 pp.
798 4313 857 4373 261,
870 4313 928 4374 282,
941 4314 1006 4377 302).

82 4387 272 4458 thulpoecurrit
288 4403 387 4453 contra
403 4401 431 4453 id
450 4403 522 4466 quod
538 4402 613 4453 dixe·
679 4402 709 4468 (a)
721 4401 791 4467 Epp.
804 4403 846 4466 30,
862 4403 892 4453 31
909 4401 988 4466 (lbid.
1006 4416 1051 4467 pp.
1065 4402 1122 4464 303,
1135 4401 1200 4463 307).

81 4479 116 4528 ¹²2
127 4481 182 4542 (loc.
197 4490 242 4543 cit.
262 4491 316 4556 in.)
330 4505 415 4542 unum
432 4492 537 4545 scilicet
553 4494 615 4544 tan-
734 4537 737 4542 .
