3180 5134
353 417 387 475 ²2
828 425 946 475 lerum.

352 599 507 659 Execidistl
523 597 552 655 te
571 580 676 668 ipsum.
697 595 763 653 Noli
781 595 812 654 te
830 594 941 651 fallere.
961 595 991 651 Si
1006 595 1125 667 quidem
1140 596 1190 653 illo
1202 596 1248 654 eet
1260 611 1331 655 vore
1344 599 1501 658 schisma-

350 698 426 756 ticus
441 697 491 768 qui
512 711 544 753 so
559 709 577 751 e
591 695 794 752 communione
810 693 1016 752 ecclesiastices
1034 695 1168 752 veritatis
1184 695 1350 766 apostatam
1366 697 1498 756 iecerit.

350 803 424 856 llum
442 799 520 856 enlm
539 797 624 869 putas
644 811 744 854 omnes
765 811 784 854 n
801 796 832 853 te
850 795 990 852 abstineri
1008 807 1104 866 posse,
1126 794 1223 852 solum
1241 795 1273 852 te
1291 796 1327 852 ab
1348 796 1497 854 omnibus

349 897 525 956 abstinuisti.
540 900 599 954 Neo
608 897 638 954 te
650 895 809 953 informare
818 895 855 950 ed
868 895 1002 965 regulam
1013 893 1146 952 veritatis
1159 895 1190 952 et
1201 895 1281 966 pacis
1296 894 1344 951 vel
1358 897 1500 966 apostoli

351 994 498 1066 praecepte
514 993 673 1066 potuerunt
689 993 833 1050 monentis
849 992 879 1049 et
896 991 1018 1048 dicentis
1038 1011 1044 1048 :
1069 990 1221 1048 Obsecro
1239 1005 1322 1061 ergo
1341 1007 1404 1050 ros
1422 1007 1498 1064 ego

348 1091 490 1149 rinctus
511 1093 546 1149 in
571 1093 714 1148 Domino
738 1090 842 1162 digne
864 1089 1046 1148 ambulare
1067 1087 1254 1145 vocatione
1275 1103 1345 1160 que
1366 1091 1498 1147 receti

347 1189 536 1255 esttecum
555 1189 647 1244 omni
665 1188 870 1245 humilitate
889 1201 1012 1244 sensus
1029 1186 1064 1244 et
1077 1185 1238 1252 lenitate,
1258 1201 1335 1243 oum
1351 1187 1497 1258 petien-

344 1285 398 1342 tia
419 1284 634 1343 sustinentes
655 1287 807 1344 invicem
828 1287 862 1342 in
884 1284 1090 1352 dilectione,
1115 1283 1205 1340 satis
1224 1282 1397 1342 habentes
1416 1300 1496 1342 eer-

347 1397 430 1440 vare
446 1383 617 1441 unitatem
633 1383 785 1455 spiritus
801 1383 835 1438 in
852 1382 1101 1454 conjunctione
1114 1381 1222 1453 pacis,
1236 1395 1340 1437 unum
1353 1395 1495 1453 corpus

345 1481 380 1539 et
398 1497 485 1540 unus
508 1483 666 1554 spiritus,
687 1482 781 1541 sicut
801 1481 921 1539 vocati
943 1481 1031 1538 estis
1053 1481 1089 1536 in
1115 1494 1184 1537 una
1203 1480 1494 1550 epevocationis

347 1578 485 1638 vestrae.
513 1581 606 1638 Unus
632 1580 805 1663 Dominus,
831 1593 899 1636 una
921 1578 1022 1646 fides,
1056 1592 1158 1634 unum
1183 1576 1366 1648 baptisma,
1393 1593 1492 1636 unus

345 1677 432 1734 Deus
451 1677 487 1734 et
504 1679 604 1749 pater
622 1679 782 1747 omnium,
802 1677 860 1750 qni
880 1692 988 1748 super
1007 1690 1137 1748 omnes,
1160 1675 1194 1732 et
1216 1689 1278 1746 per
1300 1677 1427 1746 omnia,
1448 1678 1491 1736 et

344 1773 378 1830 in
397 1776 555 1834 omnibus
575 1778 685 1836 nobis.

379 1875 424 1930 25.
449 1899 463 1924 n
481 1877 550 1933 llaec
568 1877 692 1948 apostoli
711 1875 849 1934 mandate
866 1877 897 1934 et
915 1876 1029 1934 monita
1051 1875 1196 1934 salutaria
1214 1890 1303 1947 quam
1322 1877 1488 1949 diligenter

344 1968 507 2041 Stephanus
528 1971 670 2044 implevit,
689 1974 885 2032 humilitatem
903 1989 1005 2032 sensus
1028 1973 1058 2031 et
1076 1973 1228 2030 lenitatem
1247 1975 1342 2045 primo
1360 1977 1391 2031 in
1412 1976 1485 2034 loco

343 2079 475 2125 servans.
492 2069 565 2135 Quid
581 2070 659 2126 enim
676 2069 815 2128 humilius
831 2071 883 2128 aut
899 2071 994 2128 lenius
1010 2086 1077 2128 oum
1095 2070 1142 2128 tot
1156 2071 1300 2142 episcopie
1315 2087 1367 2142 per
1379 2072 1484 2131 totum

341 2164 482 2222 mundum
507 2165 686 2235 dissensisse,
713 2181 815 2238 pacem
836 2183 903 2225 cum
929 2169 1051 2242 singulis
1073 2169 1157 2227 ramo
1182 2167 1338 2225 discordiae
1368 2185 1484 2240 genere

339 2261 533 2334 rumpentem,
547 2263 633 2321 modo
646 2279 713 2322 cum
726 2265 926 2334 orientalibus,
943 2267 1020 2338 quod
1038 2281 1092 2324 neo
1108 2281 1161 2323 vos
1174 2266 1269 2324 latere
1282 2267 1478 2336 conlidimur,

340 2361 427 2418 modo
448 2363 609 2432 vobiscum,
636 2364 737 2436 quiin
762 2365 883 2422 meridie
908 2367 988 2432 estis,
1012 2379 1031 2422 a
1055 2366 1160 2436 quibus
1185 2365 1299 2436 legatos
1322 2367 1481 2439 episcopos

339 2458 485 2529 patienter
503 2461 573 2520 setis
592 2463 623 2520 et
640 2463 747 2520 leniter
766 2465 904 2535 suscepit,
924 2464 958 2521 ut
979 2479 1029 2521 eos
1049 2479 1102 2521 nec
1123 2464 1160 2520 ed
1182 2479 1347 2522 sermonem
1367 2467 1478 2525 saltem

338 2557 474 2628 colloquii
487 2560 649 2617 communis
662 2560 839 2628 admitteret,
853 2561 950 2618 edhuc
966 2560 1088 2632 insuper
1108 2561 1271 2618 dilectionis
1290 2561 1321 2620 et
1340 2563 1479 2623 cantatis

338 2669 450 2711 memor
464 2658 637 2728 praeciperet
652 2658 829 2716 fraternitati
844 2661 991 2716 universae
1004 2674 1040 2716 ne
1057 2660 1121 2731 quis
1142 2675 1192 2717 eos
1207 2660 1238 2716 in
1251 2660 1371 2718 domum
1389 2677 1477 2720 suem

335 2751 489 2822 reciperet,
504 2753 537 2810 ut
553 2753 735 2812 venientibus
752 2771 809 2812 non
826 2756 923 2813 solum
939 2771 1000 2826 pex
1014 2756 1044 2813 et
1056 2757 1233 2825 communio,
1248 2757 1298 2814 sed
1312 2757 1344 2814 et
1360 2757 1476 2818 tectum

335 2847 365 2903 et
383 2848 541 2919 hospitium
560 2851 732 2922 negareturt
752 2854 813 2909 Hoc
834 2852 880 2909 est
899 2867 1033 2910 servasse
1055 2853 1200 2910 unitatem
1216 2853 1336 2924 spiritus
1355 2855 1384 2909 in
1404 2870 1476 2912 con-

329 2943 481 3014 junctione
490 2948 579 3018 pacis,
590 2948 786 3007 abscinderes
799 2950 933 3008 caritatis
948 2949 1072 3018 unitate,
1084 2951 1115 3008 et
1128 2951 1257 3008 alienum
1268 2965 1299 3008 se
1311 2955 1475 3023 peremnia

333 3041 472 3099 iratribus
489 3045 595 3112 iecere,
613 3044 643 3101 et
659 3046 762 3102 contre
778 3047 997 3104 sacramentum
1016 3047 1046 3104 et
1064 3047 1154 3103 tidem
1171 3047 1351 3104 contumacis
1370 3049 1474 3106 furore

332 3136 485 3196 discordie
503 3141 660 3200 rebellarel
679 3143 762 3213 Apud
785 3144 876 3201 talem
901 3143 1000 3216 potest
1019 3159 1084 3201 esse
1106 3159 1199 3201 unum
1221 3159 1326 3215 corpus
1344 3145 1375 3201 et
1392 3160 1472 3204 unus

209 3280 213 3289 .
332 3235 462 3306 spiritus,
479 3239 554 3309 apud
571 3255 658 3311 quem
676 3241 804 3299 fortasse-
818 3243 882 3312 ipsa
904 3242 1005 3298 anime
1019 3255 1078 3298 une
1094 3257 1150 3298 non
1170 3240 1226 3311 est,
1247 3244 1288 3298 sic
1307 3240 1420 3299 lubrica
1439 3243 1471 3300 et

333 3333 447 3391 mobilis
468 3334 499 3391 et
519 3337 647 3395 incerta?
674 3339 729 3396 Sed
755 3337 898 3410 quantum
920 3338 957 3395 ad
980 3338 1064 3395 illum
1089 3337 1230 3409 pertinet,
1253 3338 1465 3408 relinquamus.

334 3434 521 3493 Excutiamus
540 3437 635 3508 potius
654 3439 683 3495 id
702 3439 738 3495 de
758 3454 816 3510 quo
839 3439 970 3496 maxima
988 3438 1111 3510 quaestio
1133 3437 1188 3494 eet.
1210 3437 1264 3503 Qui
1288 3437 1470 3497 contendunt

330 3530 367 3587 ab
380 3531 524 3591 haereticis
540 3535 699 3606 baptizatos
714 3535 756 3592 sic
769 3535 861 3606 recipi
878 3535 1016 3606 oportere
1028 3535 1179 3605 tamquam
1192 3533 1315 3605 legitimi
1328 3534 1467 3604 baptismi

329 3629 455 3701 gratiam
473 3633 653 3702 consecutos,
673 3647 764 3690 unum
780 3633 862 3689 nohis
884 3632 973 3704 atque
992 3631 1051 3689 illie
1067 3632 1213 3703 baptisma
1230 3630 1333 3688 dicunt
1350 3647 1415 3689 esse
1437 3633 1468 3692 et

330 3729 359 3784 in
372 3729 452 3786 nullo
465 3729 640 3802 discrepare.
655 3731 710 3789 Sed
722 3731 792 3803 quid
805 3731 847 3788 ait
860 3730 1011 3801 apostolus
1025 3730 1152 3787 Paulusl
1173 3732 1268 3786 Unus
1286 3717 1465 3798 Dominus,

328 3841 394 3883 una
416 3827 518 3900 sides,
542 3844 646 3886 unum
667 3829 857 3901 baptisma,
882 3843 970 3886 unus
992 3831 1091 3886 Deus.
1117 3829 1145 3885 Si
1164 3842 1255 3885 unum
1277 3829 1366 3897 etque
1386 3827 1465 3886 idem

329 3925 375 3982 est
387 3941 454 3983 cum
467 3926 567 3984 nostro
583 3927 726 3998 baptisma
740 3926 957 3994 hereticorum,
976 3929 1038 3984 sine
1055 3926 1142 3984 dubio
1157 3929 1187 3982 et
1201 3925 1272 3982 tides
1288 3939 1347 3982 una
1363 3925 1417 3984 est.
1435 3929 1464 3985 Si

327 4022 426 4080 eutem
445 4023 516 4081 tides
532 4039 591 4081 una
607 4026 662 4092 est,
682 4025 782 4096 utique
801 4025 831 4081 et
850 4025 991 4081 Dominus
1009 4037 1085 4080 unus
1102 4023 1157 4080 est.
1180 4023 1210 4080 Si
1229 4024 1368 4080 Dominus
1388 4039 1465 4082 unus

327 4119 383 4186 est,
400 4135 579 4191 consequens
595 4121 640 4178 est
657 4121 753 4179 dicere
769 4123 839 4192 quie
854 4123 930 4177 Deus
946 4135 1022 4178 unus
1038 4121 1092 4178 est.
1112 4122 1141 4178 si
1157 4121 1256 4178 autem
1273 4119 1336 4178 haec
1352 4123 1464 4192 unitas,

328 4231 393 4286 quse
409 4218 541 4288 seperari
554 4219 672 4276 omnino
685 4218 716 4275 et
727 4218 816 4275 dividi
830 4233 886 4275 non
900 4213 1008 4288 potest,
1027 4217 1117 4275 etiam
1130 4219 1207 4289 apud
1226 4217 1380 4276 haereticos
1400 4221 1467 4291 ipsa

328 4314 384 4381 eet,
398 4314 467 4384 quid
479 4313 558 4372 ultra
570 4315 782 4383 contendimus,
796 4315 830 4371 nt
842 4314 910 4386 quid
925 4314 992 4372 illos
1005 4313 1160 4371 haereticos
1172 4314 1203 4371 et
1216 4330 1272 4372 non
1287 4315 1466 4376 christianos

323 4413 478 4468 vocemuel
493 4413 585 4470 Porro
599 4427 667 4470 cum
683 4413 765 4471 nobis
777 4413 808 4472 et
823 4412 972 4471 haereticis
990 4427 1044 4470 neo
1057 4414 1133 4471 Deus
1147 4427 1223 4471 unus
1236 4413 1284 4485 sit,
1299 4429 1352 4472 nec
1366 4417 1465 4475 Domi-
