3132 5140
295 418 355 478 250
524 432 596 478 mss.
620 435 649 478 r.
672 433 709 478 nr
730 433 871 479 scurror.
894 431 976 478 cmm
998 431 1079 478 onor.
1105 433 1217 478 nnnrr.

346 619 404 700 13.
433 655 465 700 c.
497 622 668 723 Dionysii
698 646 788 698 vero
818 620 1064 698 Alexandrini
1095 622 1341 724 epistolarum
1366 649 1444 701 non

293 756 366 832 nisi
384 781 506 858 pauca
522 757 735 858 fragmenta
753 755 882 833 retulit
900 755 1097 833 Eusebius.
1120 757 1296 844 Quonam
1314 759 1445 861 itaque
1555 817 1556 828 ,

289 893 376 992 jure
405 892 588 970 affirmari
618 898 740 996 potest
769 894 995 996 Dionysium
1024 895 1064 970 in
1094 894 1172 971 suis
1198 895 1365 997 epistolis
1395 895 1446 972 de

295 1025 525 1103 documentis
556 1028 693 1106 nostris
722 1027 866 1104 nullam
899 1027 1072 1104 intulisse
1095 1027 1343 1104 mentionem?
1367 1028 1446 1105 Sed

296 1161 332 1234 et
349 1163 531 1260 praeterea
555 1183 729 1262 quaenam
751 1161 789 1236 in
809 1160 884 1237 illis
903 1147 1070 1262 epistulis
1092 1161 1237 1238 occasio
1255 1161 1444 1262 assignari

295 1295 418 1391 potest
440 1316 515 1392 qua
540 1293 763 1395 Dionysium
782 1294 933 1370 omnino
952 1294 1087 1370 adduci
1106 1295 1315 1396 oportuerit
1332 1295 1377 1372 ad
1397 1320 1447 1371 ea

296 1427 641 1504 commemoranda?
659 1428 774 1529 Atqui
793 1433 918 1505 tamen
934 1428 1003 1505 hoc
1021 1430 1172 1506 omnino
1186 1429 1448 1533 praestandum,

295 1566 392 1638 esset
410 1567 452 1639 ut
469 1562 611 1666 aliquid
630 1564 807 1641 momenti
829 1565 985 1641 haberet
1009 1570 1275 1666 argumentum
1298 1563 1442 1664 negati-

295 1719 386 1771 vum
404 1697 548 1799 exejus
566 1697 714 1776 silentio
732 1698 932 1775 deductum
950 1702 961 1796 t
978 1701 1001 1796 ).

272 1936 274 1940 v
346 1893 406 1978 14.
435 1901 603 2004 Denique
626 1920 665 1984 d.
690 1904 770 1982 Cur
801 1851 913 2006 primi
942 1904 1150 1982 Donatistae
1175 1905 1262 2002 (imo
1285 1910 1321 1980 et
1344 1905 1444 1980 forte

297 2033 534 2131 posteriores)
556 2035 624 2114 illa
645 2038 867 2115 documenta
891 2064 964 2114 non
986 2038 1224 2141 protulerint,
1251 2037 1361 2114 facile
1379 2063 1442 2114 ex-

297 2163 472 2264 plicatur.
500 2169 662 2260 Etenim,
689 2172 786 2273 quod
810 2161 1046 2274 Augustinus
1071 2173 1209 2275 saepius
1230 2177 1361 2249 contra
1379 2197 1441 2248 eos

296 2303 332 2375 et
366 2301 606 2382 vehementer
640 2313 766 2407 urget,
803 2331 933 2384 eorum
968 2307 1133 2384 schisma
1166 2307 1253 2383 inde
1288 2307 1440 2384 omnino
1555 2361 1556 2374 i

296 2437 522 2516 auctoritate
540 2441 720 2543 Cypriani
740 2442 930 2544 reprobari
949 2441 1300 2518 demonstrabatur:
1321 2466 1440 2543 quum

294 2567 522 2671 Cyprianus,
547 2601 570 2652 a
591 2577 720 2655 multis
744 2577 896 2679 collegis
915 2578 993 2655 suis
1011 2579 1234 2656 dissentiens
1255 2578 1357 2654 circa
1376 2601 1454 2665 va,
1555 2561 1556 2592 A

292 2701 476 2786 liditatem
510 2713 686 2816 baptismi
721 2716 1003 2806 haereticorum,
1041 2741 1277 2819 summopere
1310 2722 1436 2794 tamen
1555 2709 1556 2800 ζ

291 2844 529 2923 contenderet
545 2854 743 2951 propterea
760 2876 834 2940 non
852 2875 932 2927 esse
956 2849 1202 2926 recedendum
1226 2850 1272 2926 ab
1291 2849 1437 2926 unitate
1555 2865 1556 2868 ’

293 2974 458 3054 ecclesiae
476 2985 512 3057 et
529 2984 814 3061 communionis,

348 3167 405 3253 lb.
418 3113 469 3247 nt
486 3170 571 3247 inde
588 3171 733 3285 desumi
747 3175 868 3274 potest
881 3172 1146 3271 argumentum
1159 3165 1434 3242 validissimum

280 3308 472 3405 adversus
488 3314 610 3387 totum
628 3313 792 3412 systema
810 3306 870 3384 Ill.
889 3307 935 3383 D.
954 3303 1117 3382 Tinzani.
1137 3301 1324 3404 Supponit
1337 3301 1435 3376 enim

292 3443 419 3520 omnia
448 3444 515 3522 illa
549 3445 771 3522 documenta
805 3443 1029 3519 concinnata
1062 3463 1142 3514 esse
1172 3461 1195 3512 a
1230 3433 1436 3514 Donatistis
1473 3460 1478 3464 ·

291 3581 493 3658 admodum
515 3583 645 3684 peritis
672 3587 708 3659 et
730 3580 888 3658 callidis.
918 3575 1113 3666 Quomodo
1135 3574 1253 3674 igitur
1275 3572 1316 3648 hi
1338 3571 1435 3648 comss

289 3714 435 3792 misisse
453 3719 610 3820 supponi
629 3721 786 3820 possunt
802 3719 844 3792 ut
861 3713 1029 3816 palmare
1047 3709 1146 3787 istud
1171 3711 1433 3809 argumentum

291 3856 422 3930 contra
445 3853 612 3955 ipsorum
639 3853 804 3930 schisma
827 3877 847 3927 e
873 3848 1057 3951 Cypriani
1083 3844 1308 3924 auctoritate
1335 3865 1432 3944 repe

209 3961 210 3964 Ἴ
290 3985 456 4076 tendum,
484 3990 563 4065 tam
589 3987 802 4090 frequenter
825 3985 871 4061 iis
895 3984 1103 4059 insererent
1133 3985 1171 4057 et
1197 4003 1271 4055 non
1296 3976 1429 4079 potius

322 4340 351 4396 (ι)
372 4333 480 4386 videsis
504 4351 564 4399 quae
587 4336 620 4388 de
645 4335 670 4385 ri
691 4331 847 4399 argumenti
881 4331 973 4381 Traot.
989 4329 1009 4380 1.
1031 4327 1095 4391 Cap.
1117 4327 1152 4377 11.
1167 4325 1226 4376 Art.
1245 4323 1282 4374 1v
1298 4323 1368 4388 (pag.
1381 4319 1427 4378 ab).

291 4427 409 4492 negativi
443 4427 562 4480 diximus
600 4425 704 4478 Introd.
742 4423 841 4478 Gener.
