3132 5140
352 375 411 435 240
585 383 711 438 nrss.·v.
733 393 770 436 nn
790 392 930 439 comnov.
952 393 1032 440 crach
1053 394 1134 440 narr.
1158 395 1269 440 unam.

355 593 371 622 n
392 581 458 632 nec
488 557 567 659 ipse
596 560 718 660 potest
741 557 904 635 alterum
929 559 1114 660 judicare.
1143 561 1215 638 Sed
1241 565 1483 663 exspectemus
1545 551 1546 638 i

355 691 559 768 „universi
584 692 772 793 judicium
799 694 951 770 Domini
982 696 1103 773 nostri
1133 698 1226 773 Jcsu
1253 695 1408 784 Christi,
1431 694 1484 796 qui
1545 719 1546 806 p

355 852 490 902 nunus
520 833 557 904 et
586 827 688 904 solus
714 827 827 905 habet
856 833 1080 930 potestatem
1103 835 1140 908 et
1163 829 1405 934 praeponendi
1428 853 1485 904 nos

355 999 370 1026 n
392 962 432 1037 in
449 962 615 1039 ecclesiae
637 988 715 1039 suae
738 964 1007 1064 gubernatione
1029 970 1065 1042 et
1088 966 1133 1042 de
1151 971 1239 1043 actu
1256 969 1383 1043 nostro
1395 961 1484 1065 judi·

356 1097 502 1172 ”candi
528 1133 543 1162 π
566 1101 616 1195 (ι).
643 1097 788 1184 Quibus
809 1099 935 1176 verbis
966 1100 1058 1176 satis
1088 1100 1299 1189 manifeste,
1325 1095 1485 1201 quamvis

352 1230 466 1307 tacito
484 1233 646 1321 nomine,
668 1232 901 1334 Stephanum
922 1236 1193 1337 reprehendere
1210 1235 1372 1313 uidetur.

404 1393 519 1477 2.11.
545 1398 780 1498 Argumenta
810 1403 1003 1478 sententiae
1037 1402 1210 1502 negantis
1245 1402 1300 1478 ita
1329 1399 1484 1476 recenset

354 1530 586 1608 Honuzcnau
605 1536 662 1632 [ah

405 1693 656 1782 1⁰·Eusebius‚
684 1694 723 1771 S.
746 1695 1003 1797 Hieronymus
1030 1701 1067 1773 et
1092 1696 1172 1785 alii,
1193 1697 1393 1773 referentes
1421 1694 1483 1768 hoc

352 1827 565 1918 dissidium,
585 1829 680 1904 nihil
711 1855 878 1931 unquam
900 1831 945 1906 de
965 1831 1042 1908 lata
1064 1830 1267 1932 aliquando
1284 1851 1483 1906 excommu-

347 1960 540 2038 nicatione
564 1962 832 2052 meminerunt;
857 1963 1075 2065 nequidem
1098 1965 1137 2042 S.
1158 1963 1404 2064 Augustinus,
1422 1959 1482 2035 etsi

353 2093 415 2171 hic
441 2095 758 2197 opportunitatem
785 2097 939 2174 haberet
965 2098 1067 2175 illius
1095 2098 1134 2174 in
1160 2122 1238 2174 rem
1261 2079 1368 2175 suam
1392 2118 1482 2172 men-

352 2228 491 2305 tionem
508 2228 686 2318 faciendi3
707 2256 824 2331 quum
843 2233 942 2308 enim
965 2238 1179 2311 constanter
1197 2235 1402 2312 Donatistae
1420 2231 1482 2308 Ca-

351 2344 731 2466 tholicis‘exemplum
750 2366 931 2468 Cypriani
953 2374 1194 2469 opponerent,
1216 2368 1280 2470 qui
1299 2366 1481 2444 haercticos
1545 2421 1546 2448 Ξ

351 2499 628 2600 rebaptizasset
651 2499 837 2576 Catholici
860 2504 896 2577 et
913 2502 1122 2602 praesertim
1136 2501 1385 2601 Augustinus.
1403 2498 1482 2573 dum
1545 2569 1546 2580 ἶ

350 2635 481 2709 contra
504 2633 721 2710 Donatistas
746 2633 974 2736 disputabat,
1002 2661 1076 2712 non
1105 2635 1291 2711 omisisset
1317 2651 1481 2735 reponere
1545 2681 1546 2686 ,

352 2764 587 2867 Cyprianum
609 2767 690 2844 ideo
714 2769 1079 2845 excommunicatum
1101 2769 1229 2858 fuisse,
1254 2767 1286 2843 si
1304 2767 1360 2844 ita
1376 2790 1412 2842 sc
1429 2784 1479 2837 res

351 2900 560 2991 habuisset;
581 2907 747 2980 attamen
766 2904 812 2979 de
833 2904 1216 2980 excommunicatione
1237 2902 1316 2979 lata
1333 2926 1398 2977 nec
1413 2900 1480 2974 Au-

351 3033 524 3137 gustinus
543 3065 609 3115 nec
626 3039 727 3115 ullus
745 3039 843 3116 alius
862 3038 1017 3116 verbulo
1035 3038 1217 3115 meminit.

398 3192 438 3263 2⁰
460 3186 499 3263 S.
529 3186 742 3288 Cyprianus
770 3188 848 3289 ipse
871 3191 992 3286 Epist.
1021 3194 1073 3264 od
1093 3188 1326 3283 Pompeiam
1343 3211 1380 3261 n.
1402 3189 1424 3259 8
1447 3177 1485 3253 dc
1518 3169 1522 3178 ’
1545 3163 1546 3242 f

351 3319 540 3422 Stephano
563 3295 686 3424 inquit
713 3353 719 3396 :
745 3359 760 3386 c
785 3323 1004 3400 Sacerdotes
1031 3321 1100 3398 Dei
1126 3321 1325 3398 veritatem
1352 3310 1483 3396 Christi

354 3491 369 3520 a
390 3459 427 3531 et
443 3455 608 3532 ecclesiae
630 3457 814 3534 unitatem
834 3462 987 3534 tuentes
1009 3456 1249 3532 abstinendos
1273 3457 1380 3556 putat
1399 3488 1414 3518 n
1434 3453 1482 3546 (ah

351 3593 450 3697 quod
471 3595 592 3672 solum
616 3596 1012 3674 excommunicationis
1038 3595 1368 3673 comminationem
1396 3587 1481 3665 indi-

351 3732 424 3818 cat,
444 3754 517 3807 non
535 3730 806 3808 executionem.

398 3893 438 3964 3⁰
456 3886 629 3966 Clariora
650 3914 797 3991 quoque
820 3890 858 3966 S.
886 3890 1090 3991 Augustini
1112 3888 1228 3964 verba
1253 3890 1355 3974 sunt,
1386 3900 1485 3984 quarn
1545 3981 1546 3984 Ἴ

351 4026 394 4097 ut
410 4005 610 4101 ullomodo
624 4023 725 4101 eludi
743 4026 903 4127 possint;
925 4050 1014 4102 nam
1026 4025 1090 4101 lib.
1108 4023 1156 4100 V.
1174 4029 1219 4099 cte
1232 4027 1347 4119 Bopt.
1364 4028 1485 4095 corruo

383 4329 412 4392 (1)
424 4328 548 4394 Append.
562 4339 624 4391 pag.
639 4321 682 4378 73.
791 4353 798 4356 -
1002 4325 1031 4392 (a)
1043 4323 1170 4391 Append.
1182 4335 1246 4389 pag.
1260 4317 1310 4375 64.

389 4420 419 4480 (a)
432 4419 497 4468 Loc,
510 4417 556 4468 cit.
570 4417 663 4479 (supra
675 4428 738 4482 pag.
752 4417 810 4475 237)
824 4429 851 4465 n.
866 4415 911 4466 134
924 4427 983 4478 sqq.
