3208 5150
328 463 366 521 70
528 475 601 522 nrss.
625 477 655 521 ιι.
679 477 714 520 oa
735 477 871 524 cournov.
895 477 974 524 cruci
994 475 1147 524 cerumar.
1172 475 1274 524 mscu..

329 678 344 706 a
365 642 586 719 commercio
609 650 871 736 [cremiorum
894 641 933 718 in
951 667 1028 719 una
1052 642 1325 719 communionis
1355 645 1476 720 socie-

330 814 345 842 ν
367 780 444 854 tate
469 778 671 855 concordat
690 815 705 843 ,-
724 779 774 876 (ι).
804 778 898 855 Item
915 779 1161 854 Aucusrrnrus
1179 778 1243 880 qui
1261 779 1384 880 Epist.
1408 789 1470 858 44.

326 937 362 987 n.
391 916 435 988 31
465 911 628 987 referens
654 911 945 1014 disputationem
975 934 1063 986 cum
1088 910 1271 988 Fortunio
1296 910 1474 1013 episcopo

325 1044 524 1121 Donatista
541 1069 707 1122 asserere
731 1043 883 1121 conanti
907 1043 1045 1145 ubique
1071 1047 1262 1127 terrarum
1281 1067 1362 1119 csse
1384 1069 1474 1120 cum

327 1175 533 1252 Donatistis
566 1178 866 1254 communionem
893 1208 900 1252 :
930 1213 946 1242 a
972 1177 1194 1266 Quaerebam
1230 1177 1305 1276 (ait)
1341 1181 1472 1254 utrum

329 1309 541 1412 „epistolas
565 1315 937 1401 communicatoriae,
964 1337 1057 1414 quas
1080 1301 1269 1407 feromiae
1292 1309 1469 1398 dicimus,

328 1483 343 1510 .-
366 1451 490 1548 posset
510 1472 583 1548 quo
601 1447 735 1525 vellem
759 1449 861 1534 dare,
890 1453 927 1526 et
949 1449 1197 1538 affirmabam,
1225 1450 1321 1550 quod
1348 1449 1469 1526 mani-

231 1567 241 1580 ’
329 1617 344 1644 a
366 1580 503 1657 festum
516 1588 598 1660 crat
610 1583 795 1673 omnibus
811 1585 881 1661 hoc
894 1585 1003 1663 modo
1021 1582 1127 1661 illam
1143 1583 1338 1660 terminari
1357 1609 1471 1685 posse

328 1752 343 1780 a
365 1717 607 1817 quaestionem
628 1756 643 1782 a
665 1722 715 1818 (a).
737 1721 792 1798 De
809 1719 868 1795 his
886 1719 1022 1796 litteris
1042 1719 1156 1796 etiam
1181 1719 1315 1795 Patres
1333 1719 1467 1820 synodi

217 1933 219 1936 ,
324 1849 568 1929 Antiochenae
590 1857 662 1952 (an.
683 1860 755 1931 270
776 1853 938 1952 ve1269)
963 1854 1001 1930 in
1025 1854 1195 1956 Epistola
1213 1854 1400 1956 Synodica
1417 1857 1464 1932 ad

325 1987 547 2089 Dionysium
567 1990 616 2068 a.
646 1991 692 2067 P.
722 1992 784 2069 ubi
808 1991 990 2067 inlocum
1015 1989 1127 2067 Pauli
1150 1989 1385 2068 Samosateni
1404 1989 1465 2066 de

323 2120 434 2221 positi
452 2121 639 2201 Domnum
657 2126 869 2203 ordinatum
884 2125 1058 2204 nuntiant
1071 2128 1108 2223 (a)
1126 2155 1132 2200 :
1154 2163 1169 2189 ι·
1187 2124 1295 2212 Quod
1313 2124 1462 2226 quidem

326 2290 342 2314 η
364 2254 502 2334 idcirco
526 2259 630 2336 vobis
653 2261 948 2362 significavimus
979 2264 1021 2337 ut
1045 2260 1092 2336 ad
1118 2284 1203 2336 eum
1229 2258 1400 2336 scribatis
1426 2263 1464 2336 et

323 2423 339 2453 n
360 2388 463 2467 abeo
481 2394 831 2472 communicatorias
850 2394 994 2472 litteras
1011 2392 1204 2495 accipiatis
1225 2428 1239 2456 ,-
1262 2393 1312 2490 ().

367 2575 401 2641 0.
418 2563 547 2642 Altera
564 2569 836 2651 communionis
854 2573 994 2646 tessera
1012 2570 1093 2644 erat
1117 2564 1283 2642 fidelium
1300 2566 1337 2639 et
1353 2562 1461 2639 cleri-

317 2718 446 2772 corum
476 2724 522 2775 ex
552 2726 627 2778 una
655 2704 702 2779 ad
729 2702 843 2780 aliam
873 2701 1068 2806 ecclesiam
1097 2696 1387 2776 commeantium
1413 2697 1459 2772 ad

318 2854 510 2910 sacrorum
528 2836 851 2939 participationem
868 2840 905 2913 et
922 2835 1032 2913 officii
1052 2836 1221 2938 ipsorum
1238 2831 1460 2908 exercitium

319 2965 492 3066 receptio,
528 2969 637 3046 modo
673 2970 835 3073 episcopi
869 2970 926 3046 sui
961 2969 1106 3048 litteras
1137 2965 1460 3046 commendatitias

318 3099 496 3180 afferrent
512 3106 562 3203 (.).
1293 3082 1298 3090 ¹

305 3399 310 3410 ι
368 3294 426 3378 18.
445 3299 516 3377 His
541 3305 771 3405 praenotatis
795 3305 870 3381 tria
893 3302 1074 3403 distingui
1098 3305 1253 3404 possunt
1270 3302 1367 3404 apud
1392 3327 1458 3378 au-

318 3435 441 3537 tiquos
459 3441 851 3520 excommunicationis
870 3465 1007 3542 genera
1024 3439 1145 3541 quoad
1164 3437 1366 3540 episcopos.
1391 3437 1458 3513 Ni-

318 3568 457 3650 mirum
485 3581 520 3650 1⁰
543 3575 600 3653 Ea
625 3580 721 3678 (quae
744 3577 900 3653 minima
917 3575 988 3651 dici
1007 3577 1139 3677 potest)
1165 3597 1240 3674 qua
1262 3572 1459 3673 episcopus

314 3704 516 3804 jubebatur
532 3736 616 3788 succ
632 3715 795 3789 ecctcar'oe
812 3710 1078 3787 coururum’orre
1095 3733 1173 3784 csse
1189 3709 1455 3805 contemtoris).

348 4023 381 4090 (r)
394 4026 425 4077 P.
439 4026 470 4078 L.
485 4029 504 4078 t.
518 4029 565 4079 xl.
581 4043 607 4093 p.
620 4032 676 4081 040.
900 4031 925 4090 5,
939 4031 990 4079 etc.
1000 4026 1060 4076 Vid.
1076 4025 1178 4076 Dccrct.
1190 4024 1258 4076 Dist.
1270 4027 1309 4076 71.
1323 4041 1346 4077 c.
1359 4029 1382 4078 0.
1394 4042 1458 4080 cum

348 4123 378 4178 (at
391 4119 422 4170 P.
436 4120 468 4171 L.
481 4121 500 4170 t.
514 4121 642 4173 XXXIII.
657 4136 682 4187 p.
699 4124 752 4173 175.
899 4119 988 4171 tribus
999 4116 1221 4182 sequentibustp.
1230 4116 1261 4168 L.
1269 4117 1456 4172 t.CLXXV11.

348 4213 439 4279 (strip.
453 4215 518 4266 Eua.
532 4213 569 4267 H.
577 4214 613 4266 Ε.
627 4215 736 4268 111130.
807 4259 811 4266 .
900 4230 926 4280 p.
938 4215 1005 4276 358).

348 4305 378 4363 (r)
390 4303 421 4354 P.
435 4303 467 4356 0.
482 4307 499 4355 t.
513 4305 573 4356 XX.
588 4319 613 4370 p.
627 4307 683 4356 719.
931 4305 962 4366 (a)
974 4300 1224 4366 ExemplaVidap.
1239 4301 1372 4352 German.
1384 4303 1457 4356 Dist.

345 4393 375 4457 (⁵)
387 4393 427 4445 De
439 4396 538 4458 quibus
550 4395 648 4448 litteris
660 4396 783 4459 loquitur
795 4397 861 4447 Can.
898 4397 936 4446 18.
950 4407 991 4445 cc.
1010 4395 1048 4458 10,
1066 4394 1105 4456 12,
1120 4394 1158 4454 13,
1178 4393 1206 4442 11
1220 4391 1262 4454 (P.
1282 4391 1312 4444 L.
1327 4394 1394 4446 tom.
1409 4395 1456 4448 cit.

311 4484 553 4550 uenpostolorum,
568 4485 783 4538 (toncourtnl.
794 4493 854 4536 c'an.
890 4497 935 4550 pp.
952 4484 1008 4548 101,
1025 4483 1089 4548 102).
