3154 5134
454 491 532 536 conc.
556 490 720 536 ,sarracena
742 491 788 536 iu.
812 423 883 537 aad.
1184 479 1243 538 283

94 654 134 726 ut
152 676 199 728 ex
214 654 481 741 monumentis,
502 679 585 756 quae
598 658 686 731 tuno
704 656 914 744 exstabant,
931 657 1170 759 exploratum
1189 661 1238 756 (ι).

94 783 164 860 Sed
178 811 269 863 cum
284 787 354 864 hac
368 787 524 864 historia
541 812 589 864 an
604 788 796 866 conciliari
814 791 932 892 possit
949 791 1074 868 afficta
1089 793 1239 893 Synodo

92 922 342 1000 Antiochense
359 926 693 999 consubstantialis
713 925 999 1002 condemnatio?
1018 926 1157 1002 Paucis
1175 951 1239 1002 an-

93 1055 150 1131 nis
177 1064 268 1134 ante
299 1057 482 1160 synodum
511 1057 571 1133 vel
601 1057 673 1159 ipsi
704 1058 791 1135 laici
819 1066 921 1137 certo
952 1061 1075 1138 sciunt
1100 1060 1239 1137 Filium

94 1195 203 1270 Patri
229 1221 310 1272 esse
332 1195 684 1273 consubstantialem
711 1227 718 1272 :
744 1198 986 1298 suspicantur
1011 1197 1080 1274 hoe
1105 1197 1241 1299 dogma

92 1355 116 1404 a
132 1332 363 1410 Patriaroha
384 1359 451 1410 suo
473 1333 616 1434 negari,
641 1333 842 1435 statimque
867 1333 976 1410 illum
1000 1360 1156 1411 summae
1175 1335 1241 1410 im-

93 1466 244 1566 pietatis
263 1474 443 1545 accusant
464 1499 471 1543 ε
491 1467 711 1568 indignatur
729 1468 927 1546 Romanus
941 1468 1136 1570 episcopus
1154 1493 1239 1544 oum

93 1625 161 1677 sua
184 1605 342 1704 synodo,
366 1608 408 1681 ut
426 1604 465 1679 in
482 1603 706 1704 gravissimo
728 1603 885 1678 crimine
908 1633 915 1677 :
937 1603 1016 1703 ipse
1035 1601 1238 1703 Dionysius

94 1735 324 1816 horrendum
351 1764 515 1816 errorem
541 1763 564 1814 a
598 1763 637 1814 se
671 1739 890 1815 detestatur.
925 1737 1119 1825 Quomodo
1150 1762 1238 1838 ergo

95 1857 259 1972 synodus
278 1875 390 1977 paulo
407 1879 491 1977 post
508 1874 717 1951 Antiochiae
734 1880 864 1951 coacta
882 1875 1062 1951 adversus
1080 1873 1237 1975 impium

96 2007 328 2100 haereticum,
349 2013 411 2114 qui
432 2011 571 2089 Filium
595 2010 801 2114 simplicem
824 2037 903 2087 esse
922 2011 1112 2087 hominem
1131 2011 1237 2087 doee-

95 2144 171 2234 bat,
199 2174 271 2226 nou
295 2150 403 2226 modo
428 2175 502 2225 non
525 2149 690 2225 decernit
716 2147 856 2224 Filium
881 2174 961 2225 esse
990 2149 1235 2226 consubstan-

94 2283 222 2361 tialem
247 2287 370 2374 Patri,
399 2291 442 2364 ut
470 2286 684 2389 postulabat
709 2287 849 2388 optima
880 2287 965 2363 fidei
996 2285 1236 2362 defendendae

96 2419 205 2508 ratic,
225 2421 287 2496 sed
313 2421 439 2509 etiam,
468 2421 504 2496 id
529 2420 626 2521 quod
644 2421 782 2497 erroris
801 2419 1026 2521 reprimendi
1044 2419 1235 2521 proposito

97 2554 255 2630 maxime
273 2553 532 2631 adversarium
551 2557 645 2641 erat,
670 2554 751 2654 ipsa
774 2556 1092 2630 consubstantiale
1113 2555 1236 2655 rejicit

101 2691 135 2762 et
163 2688 381 2790 proscribit?
409 2689 493 2764 Non
519 2687 680 2788 quadrat
713 2687 878 2786 prolecto
910 2691 951 2763 ut
979 2691 1036 2764 tot
1068 2688 1234 2788 insignes

98 2823 292 2901 sanctitate
312 2829 349 2900 et
371 2823 541 2900 doctrina
566 2822 728 2924 episcopi
756 2827 822 2898 aut
852 2823 1110 2923 ignoraverint
1136 2827 1233 2927 quod

99 2956 195 3058 ipsos
215 2959 329 3036 laicos
354 2985 427 3036 non
451 2958 603 3046 latebat,
629 2961 696 3034 aut
717 2957 874 3033 scientes
900 2959 1172 3060 prudentesque
1195 2959 1232 3035 id

98 3097 189 3193 quod
208 3101 289 3173 erat
306 3096 391 3172 fidei
410 3095 555 3195 insigne
572 3120 616 3170 ae
633 3093 749 3170 veluti
768 3097 909 3170 tessera
922 3095 969 3169 ab
983 3120 1054 3170 usu
1068 3094 1233 3171 ccclesiae

98 3238 335 3311 removerent.
370 3236 499 3334 Neque
525 3233 637 3310 etiam
668 3233 748 3347 lieri
784 3207 907 3335 potuit
934 3236 977 3309 ut
1007 3258 1086 3309 rem
1120 3234 1231 3335 paulo

98 3370 178 3442 ante
195 3367 232 3442 in
250 3367 333 3444 luce
350 3369 465 3444 totius
484 3366 650 3443 eeclesiae
669 3367 766 3442 inter
784 3366 1001 3443 Romanum
1018 3366 1231 3469 episcopum

99 3503 132 3574 et
151 3500 444 3579 Alexandrinum
468 3507 611 3603 gestam
635 3502 870 3602 ignorarent;
902 3499 1020 3576 multo
1041 3501 1164 3576 minus
1190 3507 1232 3578 ut

93 3636 256 3715 adebita
285 3637 360 3714 illis
386 3638 595 3715 reverentia
618 3637 860 3724 discederent,
894 3635 1104 3712 damnando
1133 3637 1230 3737 quod

94 3766 155 3846 isti
173 3774 422 3862 sanciverant,
447 3799 532 3850 cum
555 3773 762 3875 praesertim
785 3772 930 3847 litteras
948 3796 1036 3846 suas
1058 3771 1230 3847 omnibus

95 3904 237 4002 quidem
261 3908 458 4010 episcopis,
485 3913 524 3986 at
547 3907 768 3984 nominatim
792 3906 973 4008 Dionysio
998 3906 1171 3983 Romano
1194 3908 1231 3981 ot

122 4217 304 4282 (1)Speciatim
323 4220 349 4269 iu
363 4219 640 4284 epistoladesenten-
675 4217 777 4280 Synodt
797 4232 843 4269 nn.
861 4219 901 4279 25,
925 4219 957 4268 26
974 4215 1049 4279 (ibid.
1071 4230 1098 4280 p.
1117 4216 1185 4275 459),
1202 4215 1230 4265 et

96 4308 129 4355 tia
160 4307 281 4372 Dionysii
313 4309 498 4360 Alexandrini
530 4309 572 4374 (P.
607 4310 638 4360 (l.
675 4309 761 4373 llpist.
772 4311 805 4358 dc
816 4309 930 4371 Synodis
941 4305 1061 4357 Arimini
1069 4311 1093 4355 et
1103 4305 1229 4355 &leticiae

96 4397 112 4442 l.
124 4395 200 4448 XXV.
215 4414 239 4464 p.
258 4401 325 4461 tva).
343 4413 403 4462 qnae
420 4401 478 4449 tota
489 4401 529 4449 est
543 4401 576 4449 da
589 4401 640 4449 hac
672 4402 813 4450 celebratis
824 4413 869 4450 nn.
888 4400 929 4458 la,
946 4399 976 4448 ll
989 4395 1030 4457 (P.
1044 4397 1075 4446 G.
1094 4399 1112 4446 t.
1127 4395 1226 4448 xxiv.

98 4495 130 4536 ra.
152 4487 217 4541 Item
239 4490 327 4555 Epist.
340 4492 373 4540 de
383 4492 495 4541 decretis
516 4487 640 4541 Niroenoe
673 4505 699 4554 p.
712 4491 778 4552 767).
