3132 5140
175 441 234 488 cir.
258 443 280 487 1.
302 439 394 488 urnun
414 439 574 496 srarnnnns
596 441 817 490 nrosrnznvrns
838 433 1092 492 anconnuncrnn.
1158 429 1216 491 245

85 619 174 720 apud
197 619 309 696 Afros
335 617 622 697 existimationis
642 623 680 698 et
699 621 950 712 auctoritatis
971 621 1140 725 exemplo
1158 623 1219 699 de·

86 777 220 829 sumere
244 753 466 856 potuissent,
492 754 649 856 ideoque
670 755 710 831 in
736 781 779 833 eo
805 747 915 833 totus¹
932 759 1156 835 versabatur
1178 762 1221 835 ut

87 889 287 965 ostenderet
312 887 563 992 Cyprianum,
592 889 766 991 quamvis
793 915 880 966 cum
903 889 1094 992 Stephano
1118 891 1221 970 circa

87 1022 320 1119 quaestionem
350 1022 395 1100 de
419 1021 616 1100 validitate
641 1023 819 1128 baptismi
851 1025 1114 1103 haereticorum
1145 1027 1219 1103 dis-

86 1155 240 1244 sentiret,
260 1155 425 1234 noluisse
442 1162 569 1235 tamen
586 1184 625 1235 se
642 1161 689 1236 ab
713 1159 832 1264 ipsius
850 1165 1034 1238 eteorum
1051 1161 1116 1264 qui
1133 1187 1220 1240 cum
1291 1197 1297 1214 ¹

86 1286 155 1388 ipso
184 1290 394 1368 sentiebant
423 1293 683 1370 communione
714 1318 889 1397 separare
923 1325 929 1372 :
963 1295 1060 1398 quod
1090 1297 1221 1399 utique

85 1445 162 1498 vere
184 1423 307 1502 dicere
328 1426 468 1527 potuit;
492 1426 556 1504 sed
581 1426 667 1504 inde
691 1427 963 1536 nonflhabetur,
984 1427 1219 1542 Stephanum

84 1557 202 1636 cadem
220 1561 365 1638 ratione
383 1562 502 1664 egisse
520 1587 610 1665 erga
629 1563 875 1666 prrianum.

129 1759 165 1844 b.
187 1766 309 1842 Porro
336 1765 424 1842 hinc
453 1764 645 1866 colligitur
675 1790 789 1867 quam
819 1765 1011 1842 infirmum
1038 1767 1088 1844 sit
1105 1791 1218 1870 argu-

84 1903 241 1976 mentum
259 1901 478 2002 negativum
496 1925 542 1976 ex
559 1901 726 2002 ejusdem
743 1899 948 2002 Augustini
966 1899 1114 1978 silentio
1132 1928 1217 2004 pro-

85 2031 237 2129 positum
260 2034 382 2134 primo
406 2033 487 2110 loco
509 2063 516 2109 ε
537 2033 648 2135 longe
669 2034 769 2110 enim
793 2033 913 2133 magis
936 2032 1119 2110 sollicitus
1137 2041 1219 2114 crat

13 2213 14 2216 κ
84 2165 311 2266 Augustinus
334 2193 381 2245 ne
402 2169 585 2270 Cypriani
607 2168 776 2270 exemplo
799 2165 955 2268 gloriari
978 2171 1129 2268 possent
1147 2169 1221 2247 Do·

84 2303 225 2382 natistae
250 2305 298 2381 ad
324 2329 434 2381 suum
466 2305 631 2382 schisma
654 2303 908 2381 excusandum
932 2326 1044 2405 quam
1068 2328 1114 2379 ne
1138 2306 1218 2406 ejus
1315 2370 1320 2382 .

13 2447 14 2450 ’
83 2446 298 2522 auctoritate
342 2448 538 2522 uterentur
582 2445 628 2523 ad
669 2444 964 2522 confirmandam
1004 2444 1218 2545 opinionem

84 2601 182 2654 suam
199 2579 430 2657 deiterando
447 2579 646 2684 baptismo.

128 2777 166 2860 6.
187 2782 463 2882 Argumentum
491 2784 618 2857 autem
648 2805 692 2856 cx
717 2779 866 2856 silentio
889 2777 1068 2879 Eusebii,
1082 2780 1217 2858 Hiero-

13 2935 15 2940 ·
83 2917 176 3015 nymi
194 2922 232 2993 et
248 2915 411 2994 aliorum
432 2917 590 3019 petitum
612 2941 715 2992 acere
738 2916 963 3012 negativam
987 2919 1056 3004 est,
1078 2941 1216 3018 nequa-

13 3067 14 3082 *
83 3072 186 3147 quam
219 3051 380 3152 positivo
415 3049 644 3152 aequivalens
681 3052 741 3149 (ι).
781 3047 878 3136 Quid
918 3047 1018 3122 enim
1062 3052 1217 3150 cogebat

83 3181 291 3274 Eusebium,
316 3183 592 3286 Hieronymum
610 3187 647 3283 (a)
670 3183 759 3260 etsi
783 3183 847 3284 qui
872 3185 960 3258 sunt
976 3181 1042 3259 alii
1065 3184 1128 3285 qui
1154 3185 1216 3264 hic

83 3318 182 3396 citari
204 3325 369 3424 possent,
389 3346 414 3396 u
452 3319 512 3397 vel
534 3321 685 3397 omnino
708 3320 747 3395 in
764 3298 1015 3421 ¹quaestionem
1033 3318 1095 3395 hic
1112 3322 1218 3399 nobis

83 3455 302 3556 propositam
328 3454 400 3556 ipsi
425 3453 659 3556 inquirerent
682 3452 757 3542 vel,
786 3451 817 3528 si
844 3450 1037 3528 novissent
1056 3477 1220 3532 commu-

84 3585 223 3664 nionem
248 3588 483 3691 aliquamdiu
508 3613 531 3664 a
557 3587 747 3689 Stephano
773 3611 859 3662 cum
885 3583 989 3661 Afris
1015 3588 1052 3662 ct
1067 3587 1219 3668 Asianis

85 3723 324 3831 interruptam
342 3724 471 3818 fuisse,
491 3727 528 3803 id
546 3723 905 3804 commemorarent?

130 3909 164 3995 7.
197 3917 366 4019 Denique
396 3917 492 4019 quod
528 3918 672 4018 spectat
705 3914 753 3991 ad
787 3914 1052 4014 argumentum
1086 3921 1220 4015 quarto

114 4248 141 4312 (ι)
160 4251 214 4303 Crr.
239 4251 343 4304 latrod.
369 4251 467 4306 Gener.
492 4251 584 4303 Tract.
607 4251 628 4302 l.
664 4246 854 4300 controversia
870 4244 969 4311 agendi
987 4246 1158 4300 occasionem
1171 4253 1219 4303 ha-

87 4339 146 4406 Cap.
160 4342 195 4396 11.
209 4346 268 4397 Art.
283 4345 321 4396 lv
334 4345 407 4410 (pag.
420 4346 471 4407 29).
668 4341 779 4390 bueriut
790 4337 969 4404 proferuntur
982 4339 1083 4402 praeter
1094 4351 1141 4392 eos
1153 4357 1222 4406 quos

114 4436 140 4503 (a)
150 4439 271 4499 Quorum
283 4453 339 4492 non
352 4440 400 4492 alii
409 4439 465 4491 loc'r
474 4439 521 4489 nbi
535 4438 568 4489 da
580 4438 632 4488 hac
666 4435 784 4485 citamus
795 4434 825 4484 in
835 4431 995 4497 Appendlce
1007 4445 1070 4496 pag.
1083 4429 1176 4488 77-80.
