3170 5134
285 487 410 532 ruooer.
434 487 469 531 oe
492 485 567 532 corr.
592 485 695 532 aaron.
718 487 781 532 mc.
806 487 891 534 noros
912 479 1020 533 oreris.
1188 475 1225 533 89

85 652 164 727 uani
183 651 392 729 videantur
414 651 601 728 censuisse
618 652 911 730 controversiam
930 651 1075 730 finitam
1092 679 1172 732 esse
1189 659 1226 732 el

84 813 230 888 operam
254 812 367 864 suam
391 785 642 864 converterint
669 787 706 862 in
731 787 993 888 corrigendum
1016 791 1159 866 textum
1181 817 1225 868 ac

83 923 268 1025 praecipue
287 923 327 998 in
341 921 581 1000 elucidandas
598 946 644 998 ex
658 921 728 998 hoc
741 921 922 1025 praeclaro
941 923 1104 1001 subsidio
1124 949 1224 1027 quae-

83 1058 215 1134 stiones
240 1057 291 1134 ad
313 1057 523 1134 doctrinam
540 1060 576 1134 et
599 1055 835 1158 disciplinam
859 1056 1042 1135 Romanae
1060 1056 1224 1137 ecclesiae

83 1219 148 1271 seo.
171 1194 230 1271 Ill
249 1193 492 1296 pertinentes

130 1385 191 1468 10.
218 1389 283 1466 Ita
306 1389 466 1464 Herma
489 1387 528 1461 in
552 1384 733 1462 relatione
750 1385 795 1461 de
819 1408 929 1486 opere
953 1383 1146 1486 Dbllinger
1163 1389 1220 1484 (1);

81 1524 196 1600 Kurm
226 1524 266 1598 in
297 1521 557 1599 dissertatione
582 1522 651 1595 Die
685 1519 966 1613 Tbeolopiscbeo
991 1519 1222 1613 Streo'tipbei·

82 1671 139 1734 lea
163 1662 207 1734 ia
231 1665 305 1735 der
324 1659 521 1733 Riimz'scbe
545 1661 583 1730 K
583 1656 683 1730 ircbe
705 1658 788 1728 aad
808 1653 869 1728 die
886 1655 1006 1727 Lebre
1031 1657 1223 1728 darselbea

82 1794 122 1867 io
154 1799 223 1870 der
253 1803 384 1868 ersten
418 1795 553 1885 Hd'lfte
586 1795 651 1865 des
680 1790 822 1864 dm'ttea
851 1792 1137 1864 Jdlrooaoerrs
1162 1791 1219 1886 (2l3

84 1926 276 2004 Donousa
301 1927 340 2003 in
363 1923 523 2002 editione
545 1923 782 2024 Gottingensi
805 1923 1219 2018 retransmittebat,-

85 2063 213 2139 Noore
243 2063 285 2138 in
307 2060 487 2138 relatione
512 2058 557 2134 dc
585 2056 745 2134 editione
775 2054 981 2132 Parisiensi
1006 2058 1063 2153 (a);
1092 2056 1220 2132 Hnou-

85 2222 188 2274 oraru
206 2199 247 2274 in
265 2222 334 2273 suo
352 2220 463 2299 opere
480 2197 549 2270 Die
567 2195 762 2270 Rdmiscbe
779 2193 935 2281 Kircbe,
950 2195 1018 2267 etc.
1040 2194 1090 2288 (r).

132 2383 183 2466 ll.
210 2389 246 2466 N
249 2413 299 2464 on
321 2387 418 2463 idem
436 2389 563 2464 tamen
581 2384 766 2488 reperitur
782 2410 982 2462 consensus
1000 2390 1107 2463 extra
1129 2388 1220 2464 Ger·

85 2523 256 2600 maniam.
275 2521 319 2598 In
338 2520 465 2598 Gallia
482 2520 636 2610 scilicet,
652 2515 781 2598 eodem
793 2545 891 2598 anno
909 2545 981 2623 quo
999 2547 1092 2624 opus
1110 2548 1220 2601 suum

84 2655 192 2731 edidit
222 2653 433 2754 Db'llinger,
465 2680 602 2732 novam
632 2655 843 2757 opinionem
869 2655 1027 2757 protulit
1056 2645 1217 2749 Cauros,

84 2793 202 2886 postea
220 2789 420 2892 episeopus
438 2789 700 2876 Massiliensis,
721 2789 760 2865 in
778 2813 845 2864 suo
863 2814 973 2891 opere
989 2794 1136 2868 Etades
1148 2819 1219 2870 sar

83 2929 122 2997 de
138 2951 346 3004 ooooccoaa
363 2895 586 3003 documenti
600 2929 827 3022 historiques
843 2936 1068 3023 emproates
1084 2933 1108 3004 d
1126 2935 1217 3008 l'on-

85 3083 187 3157 crepe
203 3069 434 3138 receptorem
454 3067 652 3139 descuvert
670 3068 735 3137 des
751 3063 1113 3158 Pbr'losopbameao,
1129 3077 1215 3154 eta,

78 3219 148 3287 por
175 3201 229 3273 M.
265 3201 377 3273 roboc
403 3196 563 3284 Cauros,
684 3197 890 3292 scoperieor
914 3201 958 3270 de
989 3201 1122 3272 l’Ecole
1152 3203 1217 3276 des

82 3335 207 3407 lacones
224 3337 356 3408 eludes
373 3333 668 3427 ecclesiastiques
685 3337 751 3407 des
770 3335 924 3409 Cormes
942 3334 991 3430 (a).
1014 3331 1103 3421 Ubi,
1124 3334 1215 3433 reje-

83 3465 144 3539 ctis
166 3466 403 3569 opinionibus
430 3491 513 3568 quae
542 3465 911 3568 Philosophoumena
935 3465 1106 3542 tribuunt
1130 3466 1214 3544 Ori-

83 3599 158 3694 geoi
181 3600 241 3676 vel
273 3599 491 3702 Hippolyto,
522 3599 711 3677 concludit
740 3599 806 3678 illa
829 3599 1072 3703 probabiliter
1098 3601 1214 3680 tribui

84 3757 180 3830 posse
197 3737 304 3822 Caio,
325 3740 362 3813 et
378 3734 496 3812 multo
514 3735 743 3838 probabilius
763 3733 996 3812 Tertulliano
1010 3739 1077 3812 aut
1089 3735 1153 3811 uni
1168 3763 1214 3815 ex

84 3869 154 3968 ejus
170 3871 334 3949 asseclis.
358 3871 467 3948 Hanc
490 3871 713 3949 sententiam
730 3873 977 3975 proposuerat
998 3869 1109 3971 paulo
1128 3876 1214 3950 ante

84 4001 312 4095 litoream,
338 4005 513 4082 alumnus
542 4005 689 4107 collegii
720 4007 780 4084 cui
810 4007 971 4108 praeerat
1001 4004 1149 4097 Oculos,
1173 4009 1212 4086 in

110 4321 135 4380 (¹)
147 4320 231 4376 Tbeol.
246 4325 436 4384 Quartalscar.
452 4328 521 4378 1854.
686 4327 718 4391 (r)
731 4327 867 4393 Freiburg
879 4327 916 4378 im
930 4327 1037 4394 Breisg.
1053 4330 1123 4380 1862.
1137 4331 1160 4382 8.

111 4411 136 4474 (a
147 4412 211 4466 lbid.
225 4417 295 4469 1855.
685 4419 716 4482 rs)
728 4417 809 4472 Paris
822 4419 893 4472 1853.
907 4421 931 4470 8.

111 4501 137 4560 bl
148 4501 212 4556 lbid.
228 4506 298 4557 1862.
