<?xml version="1.0" encoding="UTF-8"?>
<!DOCTYPE html PUBLIC "-//W3C//DTD XHTML 1.0 Transitional//EN"
    "http://www.w3.org/TR/xhtml1/DTD/xhtml1-transitional.dtd">
<html xmlns="http://www.w3.org/1999/xhtml" xml:lang="en" lang="en">
 <head>
  <title>
</title>
<meta http-equiv="Content-Type" content="text/html;charset=utf-8" />
  <meta name='ocr-system' content='tesseract 3.04.00' />
  <meta name='ocr-capabilities' content='ocr_page ocr_carea ocr_par ocr_line ocrx_word'/>
</head>
<body>
  <div class='ocr_page' id='page_1' title='image "./dissertationess00smedgoog_0040.png"; bbox 0 0 3208 5150; ppageno 0'>
   <div class='ocr_carea' id='block_1_1' title="bbox 345 465 1268 534">
    <p class='ocr_par' dir='ltr' id='par_1_1' title="bbox 345 465 1268 534">
     <span class='ocr_line' id='line_1_1' title="bbox 345 465 1268 534; baseline 0.004 -14"><span class='ocrx_word' id='word_1_1' title='bbox 345 476 403 520; x_wconf 83' lang='lat' dir='ltr'>cu.</span> <span class='ocrx_word' id='word_1_2' title='bbox 428 479 445 520; x_wconf 90' lang='grc' dir='ltr'>ι.</span> <span class='ocrx_word' id='word_1_3' title='bbox 473 477 566 522; x_wconf 83' lang='lat' dir='ltr'>urum</span> <span class='ocrx_word' id='word_1_4' title='bbox 588 476 693 523; x_wconf 82' lang='lat' dir='ltr'>neruus</span> <span class='ocrx_word' id='word_1_5' title='bbox 713 479 808 524; x_wconf 79' lang='lat' dir='ltr'>noum</span> <span class='ocrx_word' id='word_1_6' title='bbox 831 479 959 534; x_wconf 77' lang='lat' dir='ltr'>vesunu,</span> <span class='ocrx_word' id='word_1_7' title='bbox 984 481 1044 524; x_wconf 82' lang='lat' dir='ltr'>erc.</span> <span class='ocrx_word' id='word_1_8' title='bbox 1230 465 1268 526; x_wconf 72' lang='lat' dir='ltr'>ab</span> 
     </span>
    </p>
   </div>
   <div class='ocr_carea' id='block_1_2' title="bbox 78 641 1279 2096">
    <p class='ocr_par' dir='ltr' id='par_1_2' title="bbox 78 641 1279 2096">
     <span class='ocr_line' id='line_1_2' title="bbox 117 641 1267 750; baseline 0.01 -37"><span class='ocrx_word' id='word_1_9' title='bbox 117 641 189 715; x_wconf 88' lang='lat' dir='ltr'>sub</span> <span class='ocrx_word' id='word_1_10' title='bbox 216 641 370 718; x_wconf 91' lang='lat' dir='ltr'>nomine</span> <span class='ocrx_word' id='word_1_11' title='bbox 396 643 558 720; x_wconf 87' lang='lat' dir='ltr'>Simonis</span> <span class='ocrx_word' id='word_1_12' title='bbox 582 644 684 744; x_wconf 88' lang='lat' dir='ltr'>magi</span> <span class='ocrx_word' id='word_1_13' title='bbox 714 645 911 722; x_wconf 75' lang='lat' dir='ltr'>exhibetur</span> <span class='ocrx_word' id='word_1_14' title='bbox 936 651 1129 747; x_wconf 78' lang='lat' dir='ltr'>tamquam</span> <span class='ocrx_word' id='word_1_15' title='bbox 1154 653 1267 750; x_wconf 90' lang='lat' dir='ltr'>caput</span> 
     </span>
     <span class='ocr_line' id='line_1_3' title="bbox 114 776 1266 858; baseline 0.007 -9"><span class='ocrx_word' id='word_1_16' title='bbox 114 776 292 853; x_wconf 93' lang='lat' dir='ltr'>omnium</span> <span class='ocrx_word' id='word_1_17' title='bbox 328 777 591 855; x_wconf 89' lang='lat' dir='ltr'>haereticorum</span> <span class='ocrx_word' id='word_1_18' title='bbox 627 783 664 855; x_wconf 89' lang='lat' dir='ltr'>et</span> <span class='ocrx_word' id='word_1_19' title='bbox 699 778 922 856; x_wconf 88' lang='lat' dir='ltr'>idololatriae</span> <span class='ocrx_word' id='word_1_20' title='bbox 962 779 1075 858; x_wconf 91' lang='lat' dir='ltr'>etiam</span> <span class='ocrx_word' id='word_1_21' title='bbox 1116 781 1266 858; x_wconf 89' lang='lat' dir='ltr'>sceleris</span> 
     </span>
     <span class='ocr_line' id='line_1_4' title="bbox 115 912 1266 1016; baseline 0.008 -33"><span class='ocrx_word' id='word_1_22' title='bbox 115 933 220 996; x_wconf 89' lang='lat' dir='ltr'>reus,</span> <span class='ocrx_word' id='word_1_23' title='bbox 242 935 354 1011; x_wconf 89' lang='lat' dir='ltr'>quem</span> <span class='ocrx_word' id='word_1_24' title='bbox 372 913 509 1014; x_wconf 91' lang='lat' dir='ltr'>ubique</span> <span class='ocrx_word' id='word_1_25' title='bbox 521 912 731 990; x_wconf 77' lang='lat' dir='ltr'>doctrinam</span> <span class='ocrx_word' id='word_1_26' title='bbox 749 938 855 990; x_wconf 89' lang='lat' dir='ltr'>suam</span> <span class='ocrx_word' id='word_1_27' title='bbox 874 919 1110 1016; x_wconf 76' lang='lat' dir='ltr'>spargentem</span> <span class='ocrx_word' id='word_1_28' title='bbox 1129 915 1266 1016; x_wconf 90' lang='lat' dir='ltr'>ubique</span> 
     </span>
     <span class='ocr_line' id='line_1_5' title="bbox 115 1046 1268 1150; baseline 0.005 -30"><span class='ocrx_word' id='word_1_29' title='bbox 115 1051 341 1146; x_wconf 85' lang='lat' dir='ltr'>persecutus</span> <span class='ocrx_word' id='word_1_30' title='bbox 371 1049 522 1138; x_wconf 90' lang='lat' dir='ltr'>Petrus,</span> <span class='ocrx_word' id='word_1_31' title='bbox 550 1046 697 1150; x_wconf 90' lang='lat' dir='ltr'>publice</span> <span class='ocrx_word' id='word_1_32' title='bbox 723 1049 889 1125; x_wconf 85' lang='lat' dir='ltr'>maxima</span> <span class='ocrx_word' id='word_1_33' title='bbox 919 1049 1020 1125; x_wconf 92' lang='lat' dir='ltr'>illius</span> <span class='ocrx_word' id='word_1_34' title='bbox 1050 1050 1268 1126; x_wconf 81' lang='lat' dir='ltr'>contusione</span> 
     </span>
     <span class='ocr_line' id='line_1_6' title="bbox 78 1173 1279 1286; baseline 0.005 -32"><span class='ocrx_word' id='word_1_35' title='bbox 78 1263 84 1271; x_wconf 59' lang='grc'>,</span> <span class='ocrx_word' id='word_1_36' title='bbox 115 1179 314 1258; x_wconf 85' lang='lat' dir='ltr'>devicerit.</span> <span class='ocrx_word' id='word_1_37' title='bbox 342 1183 564 1285; x_wconf 81' lang='lat' dir='ltr'>Praecipuus</span> <span class='ocrx_word' id='word_1_38' title='bbox 585 1208 675 1259; x_wconf 88' lang='lat' dir='ltr'>vero</span> <span class='ocrx_word' id='word_1_39' title='bbox 699 1182 846 1260; x_wconf 86' lang='lat' dir='ltr'>callidae</span> <span class='ocrx_word' id='word_1_40' title='bbox 874 1182 976 1259; x_wconf 91' lang='lat' dir='ltr'>illius</span> <span class='ocrx_word' id='word_1_41' title='bbox 999 1173 1279 1286; x_wconf 86' lang='lat' dir='ltr'>suppositionis</span> 
     </span>
     <span class='ocr_line' id='line_1_7' title="bbox 116 1315 1268 1420; baseline 0.004 -30"><span class='ocrx_word' id='word_1_42' title='bbox 116 1315 235 1391; x_wconf 84' lang='lat' dir='ltr'>loetus</span> <span class='ocrx_word' id='word_1_43' title='bbox 260 1322 318 1392; x_wconf 88' lang='lat' dir='ltr'>est</span> <span class='ocrx_word' id='word_1_44' title='bbox 343 1315 437 1394; x_wconf 92' lang='lat' dir='ltr'>liber</span> <span class='ocrx_word' id='word_1_45' title='bbox 458 1319 621 1394; x_wconf 82' lang='lat' dir='ltr'>llctuum</span> <span class='ocrx_word' id='word_1_46' title='bbox 643 1317 923 1420; x_wconf 83' lang='lat' dir='ltr'>Apostolorum,</span> <span class='ocrx_word' id='word_1_47' title='bbox 948 1319 1011 1394; x_wconf 92' lang='lat' dir='ltr'>ubi</span> <span class='ocrx_word' id='word_1_48' title='bbox 1038 1319 1167 1396; x_wconf 86' lang='lat' dir='ltr'>Simon</span> <span class='ocrx_word' id='word_1_49' title='bbox 1192 1344 1268 1395; x_wconf 94' lang='lat' dir='ltr'>ma-</span> 
     </span>
     <span class='ocr_line' id='line_1_8' title="bbox 114 1451 1268 1551; baseline 0.005 -27"><span class='ocrx_word' id='word_1_50' title='bbox 114 1475 186 1550; x_wconf 90' lang='lat' dir='ltr'>gus</span> <span class='ocrx_word' id='word_1_51' title='bbox 212 1451 294 1551; x_wconf 91' lang='lat' dir='ltr'>jam</span> <span class='ocrx_word' id='word_1_52' title='bbox 317 1451 487 1527; x_wconf 90' lang='lat' dir='ltr'>diversus</span> <span class='ocrx_word' id='word_1_53' title='bbox 513 1451 676 1528; x_wconf 89' lang='lat' dir='ltr'>aPaulo</span> <span class='ocrx_word' id='word_1_54' title='bbox 700 1451 964 1540; x_wconf 87' lang='lat' dir='ltr'>introducitur,</span> <span class='ocrx_word' id='word_1_55' title='bbox 992 1453 1100 1528; x_wconf 86' lang='lat' dir='ltr'>Petri</span> <span class='ocrx_word' id='word_1_56' title='bbox 1120 1477 1208 1529; x_wconf 92' lang='lat' dir='ltr'>vero</span> <span class='ocrx_word' id='word_1_57' title='bbox 1232 1461 1268 1530; x_wconf 92' lang='lat' dir='ltr'>et</span> 
     </span>
     <span class='ocr_line' id='line_1_9' title="bbox 116 1585 1269 1664; baseline 0.003 -4"><span class='ocrx_word' id='word_1_58' title='bbox 116 1585 235 1660; x_wconf 89' lang='lat' dir='ltr'>Pauli</span> <span class='ocrx_word' id='word_1_59' title='bbox 262 1585 421 1663; x_wconf 91' lang='lat' dir='ltr'>historia</span> <span class='ocrx_word' id='word_1_60' title='bbox 443 1586 497 1662; x_wconf 86' lang='lat' dir='ltr'>ita</span> <span class='ocrx_word' id='word_1_61' title='bbox 529 1587 811 1662; x_wconf 90' lang='lat' dir='ltr'>accommodata</span> <span class='ocrx_word' id='word_1_62' title='bbox 840 1590 896 1662; x_wconf 88' lang='lat' dir='ltr'>ost</span> <span class='ocrx_word' id='word_1_63' title='bbox 926 1585 1064 1662; x_wconf 72' lang='lat' dir='ltr'>scholae</span> <span class='ocrx_word' id='word_1_64' title='bbox 1095 1587 1269 1664; x_wconf 91' lang='lat' dir='ltr'>concilia-</span> 
     </span>
     <span class='ocr_line' id='line_1_10' title="bbox 114 1720 1266 1823; baseline 0.003 -28"><span class='ocrx_word' id='word_1_65' title='bbox 114 1720 228 1796; x_wconf 81' lang='lat' dir='ltr'>toriae</span> <span class='ocrx_word' id='word_1_66' title='bbox 260 1720 408 1821; x_wconf 87' lang='lat' dir='ltr'>placitis</span> <span class='ocrx_word' id='word_1_67' title='bbox 438 1727 481 1798; x_wconf 93' lang='lat' dir='ltr'>ut</span> <span class='ocrx_word' id='word_1_68' title='bbox 511 1747 717 1823; x_wconf 89' lang='lat' dir='ltr'>numquam</span> <span class='ocrx_word' id='word_1_69' title='bbox 747 1722 908 1798; x_wconf 84' lang='lat' dir='ltr'>invicem</span> <span class='ocrx_word' id='word_1_70' title='bbox 938 1723 1170 1812; x_wconf 86' lang='lat' dir='ltr'>dissensisse,</span> <span class='ocrx_word' id='word_1_71' title='bbox 1203 1723 1266 1799; x_wconf 91' lang='lat' dir='ltr'>sed</span> 
     </span>
     <span class='ocr_line' id='line_1_11' title="bbox 114 1857 1266 1959; baseline 0.003 -28"><span class='ocrx_word' id='word_1_72' title='bbox 114 1881 271 1932; x_wconf 90' lang='lat' dir='ltr'>summa</span> <span class='ocrx_word' id='word_1_73' title='bbox 301 1857 498 1934; x_wconf 88' lang='lat' dir='ltr'>concordia</span> <span class='ocrx_word' id='word_1_74' title='bbox 523 1857 643 1934; x_wconf 91' lang='lat' dir='ltr'>cidem</span> <span class='ocrx_word' id='word_1_75' title='bbox 673 1858 853 1933; x_wconf 88' lang='lat' dir='ltr'>doctrinae</span> <span class='ocrx_word' id='word_1_76' title='bbox 883 1858 1102 1959; x_wconf 80' lang='lat' dir='ltr'>spargendae</span> <span class='ocrx_word' id='word_1_77' title='bbox 1126 1857 1266 1935; x_wconf 89' lang='lat' dir='ltr'>allabo-</span> 
     </span>
     <span class='ocr_line' id='line_1_12' title="bbox 114 1992 1268 2096; baseline 0.004 -30"><span class='ocrx_word' id='word_1_78' title='bbox 114 2017 223 2068; x_wconf 88' lang='lat' dir='ltr'>rasse</span> <span class='ocrx_word' id='word_1_79' title='bbox 243 1998 461 2094; x_wconf 89' lang='lat' dir='ltr'>appareant.</span> <span class='ocrx_word' id='word_1_80' title='bbox 483 1993 542 2070; x_wconf 85' lang='lat' dir='ltr'>Ex</span> <span class='ocrx_word' id='word_1_81' title='bbox 563 1993 695 2069; x_wconf 89' lang='lat' dir='ltr'>iisdem</span> <span class='ocrx_word' id='word_1_82' title='bbox 720 1992 976 2069; x_wconf 86' lang='lat' dir='ltr'>molitionibus</span> <span class='ocrx_word' id='word_1_83' title='bbox 995 1994 1194 2096; x_wconf 90' lang='lat' dir='ltr'>repetenda</span> <span class='ocrx_word' id='word_1_84' title='bbox 1211 1999 1268 2071; x_wconf 90' lang='lat' dir='ltr'>est</span> 
     </span>
    </p>
   </div>
   <div class='ocr_carea' id='block_1_3' title="bbox 112 2130 1326 2514">
    <p class='ocr_par' dir='ltr' id='par_1_3' title="bbox 112 2130 1326 2514">
     <span class='ocr_line' id='line_1_13' title="bbox 112 2130 1266 2232; baseline 0.001 -27"><span class='ocrx_word' id='word_1_85' title='bbox 112 2130 224 2230; x_wconf 88' lang='lat' dir='ltr'>origo</span> <span class='ocrx_word' id='word_1_86' title='bbox 251 2131 465 2208; x_wconf 85' lang='lat' dir='ltr'>traditionis</span> <span class='ocrx_word' id='word_1_87' title='bbox 490 2157 574 2232; x_wconf 73' lang='lat' dir='ltr'>quaa</span> <span class='ocrx_word' id='word_1_88' title='bbox 604 2131 820 2209; x_wconf 84' lang='lat' dir='ltr'>Romanam</span> <span class='ocrx_word' id='word_1_89' title='bbox 844 2131 1039 2208; x_wconf 88' lang='lat' dir='ltr'>ecclesiam</span> <span class='ocrx_word' id='word_1_90' title='bbox 1062 2134 1152 2232; x_wconf 76' lang='lat' dir='ltr'>(Jam</span> <span class='ocrx_word' id='word_1_91' title='bbox 1177 2136 1266 2208; x_wconf 91' lang='lat' dir='ltr'>tuno</span> 
     </span>
     <span class='ocr_line' id='line_1_14' title="bbox 113 2263 1267 2369; baseline 0.003 -31"><span class='ocrx_word' id='word_1_92' title='bbox 113 2264 213 2340; x_wconf 89' lang='lat' dir='ltr'>sorte</span> <span class='ocrx_word' id='word_1_93' title='bbox 240 2263 337 2340; x_wconf 90' lang='lat' dir='ltr'>inter</span> <span class='ocrx_word' id='word_1_94' title='bbox 358 2271 500 2342; x_wconf 88' lang='lat' dir='ltr'>ceteras</span> <span class='ocrx_word' id='word_1_95' title='bbox 522 2270 776 2369; x_wconf 87' lang='lat' dir='ltr'>praestantem,</span> <span class='ocrx_word' id='word_1_96' title='bbox 801 2267 897 2369; x_wconf 89' lang='lat' dir='ltr'>quod</span> <span class='ocrx_word' id='word_1_97' title='bbox 922 2265 1032 2343; x_wconf 83' lang='lat' dir='ltr'>facile</span> <span class='ocrx_word' id='word_1_98' title='bbox 1054 2266 1267 2368; x_wconf 86' lang='lat' dir='ltr'>explicatur</span> 
     </span>
     <span class='ocr_line' id='line_1_15' title="bbox 114 2400 1326 2514; baseline 0.006 -40"><span class='ocrx_word' id='word_1_99' title='bbox 114 2405 197 2475; x_wconf 89' lang='lat' dir='ltr'>tum</span> <span class='ocrx_word' id='word_1_100' title='bbox 222 2400 410 2502; x_wconf 86' lang='lat' dir='ltr'>exipsius</span> <span class='ocrx_word' id='word_1_101' title='bbox 433 2402 535 2478; x_wconf 89' lang='lat' dir='ltr'>urbis</span> <span class='ocrx_word' id='word_1_102' title='bbox 559 2403 599 2478; x_wconf 92' lang='lat' dir='ltr'>in</span> <span class='ocrx_word' id='word_1_103' title='bbox 621 2409 786 2480; x_wconf 89' lang='lat' dir='ltr'>ceterum</span> <span class='ocrx_word' id='word_1_104' title='bbox 810 2404 936 2479; x_wconf 91' lang='lat' dir='ltr'>orbem</span> <span class='ocrx_word' id='word_1_105' title='bbox 958 2403 1063 2480; x_wconf 85' lang='lat' dir='ltr'>civili</span> <span class='ocrx_word' id='word_1_106' title='bbox 1086 2405 1264 2505; x_wconf 89' lang='lat' dir='ltr'>primatu,</span> <span class='ocrx_word' id='word_1_107' title='bbox 1316 2495 1326 2514; x_wconf 22' lang='grc' dir='ltr'>ἢ</span> 
     </span>
    </p>
   </div>
   <div class='ocr_carea' id='block_1_4' title="bbox 113 2536 1293 3588">
    <p class='ocr_par' dir='ltr' id='par_1_4' title="bbox 113 2536 1293 3588">
     <span class='ocr_line' id='line_1_16' title="bbox 113 2536 1266 2640; baseline 0.003 -30"><span class='ocrx_word' id='word_1_108' title='bbox 113 2540 197 2610; x_wconf 88' lang='lat' dir='ltr'>tum</span> <span class='ocrx_word' id='word_1_109' title='bbox 224 2536 323 2636; x_wconf 88' lang='lat' dir='ltr'>quod</span> <span class='ocrx_word' id='word_1_110' title='bbox 346 2537 392 2612; x_wconf 92' lang='lat' dir='ltr'>ad</span> <span class='ocrx_word' id='word_1_111' title='bbox 423 2562 504 2613; x_wconf 93' lang='lat' dir='ltr'>eam</span> <span class='ocrx_word' id='word_1_112' title='bbox 536 2537 699 2639; x_wconf 92' lang='lat' dir='ltr'>undique</span> <span class='ocrx_word' id='word_1_113' title='bbox 721 2537 951 2614; x_wconf 89' lang='lat' dir='ltr'>confluerent</span> <span class='ocrx_word' id='word_1_114' title='bbox 977 2537 1049 2612; x_wconf 93' lang='lat' dir='ltr'>viri</span> <span class='ocrx_word' id='word_1_115' title='bbox 1077 2537 1266 2640; x_wconf 86' lang='lat' dir='ltr'>praecipuo</span> 
     </span>
     <span class='ocr_line' id='line_1_17' title="bbox 115 2669 1265 2774; baseline 0.003 -30"><span class='ocrx_word' id='word_1_116' title='bbox 115 2669 271 2770; x_wconf 88' lang='lat' dir='ltr'>ingenio</span> <span class='ocrx_word' id='word_1_117' title='bbox 305 2675 341 2747; x_wconf 88' lang='lat' dir='ltr'>et</span> <span class='ocrx_word' id='word_1_118' title='bbox 375 2671 543 2748; x_wconf 91' lang='lat' dir='ltr'>doctrina</span> <span class='ocrx_word' id='word_1_119' title='bbox 573 2672 782 2774; x_wconf 91' lang='lat' dir='ltr'>conspicui,</span> <span class='ocrx_word' id='word_1_120' title='bbox 819 2672 957 2773; x_wconf 88' lang='lat' dir='ltr'>quique</span> <span class='ocrx_word' id='word_1_121' title='bbox 993 2671 1157 2748; x_wconf 88' lang='lat' dir='ltr'>maxime</span> <span class='ocrx_word' id='word_1_122' title='bbox 1191 2675 1265 2749; x_wconf 88' lang='lat' dir='ltr'>sta-</span> 
     </span>
     <span class='ocr_line' id='line_1_18' title="bbox 114 2807 1293 2912; baseline 0.003 -31"><span class='ocrx_word' id='word_1_123' title='bbox 114 2808 270 2884; x_wconf 84' lang='lat' dir='ltr'>tucndae</span> <span class='ocrx_word' id='word_1_124' title='bbox 288 2807 341 2883; x_wconf 92' lang='lat' dir='ltr'>illi</span> <span class='ocrx_word' id='word_1_125' title='bbox 362 2809 490 2885; x_wconf 90' lang='lat' dir='ltr'>unioni</span> <span class='ocrx_word' id='word_1_126' title='bbox 509 2835 574 2886; x_wconf 90' lang='lat' dir='ltr'>seu</span> <span class='ocrx_word' id='word_1_127' title='bbox 593 2807 846 2886; x_wconf 87' lang='lat' dir='ltr'>conciliationi</span> <span class='ocrx_word' id='word_1_128' title='bbox 862 2809 1121 2912; x_wconf 88' lang='lat' dir='ltr'>oppositarum</span> <span class='ocrx_word' id='word_1_129' title='bbox 1137 2807 1265 2885; x_wconf 86' lang='lat' dir='ltr'>faotio—</span> <span class='ocrx_word' id='word_1_130' title='bbox 1289 2863 1293 2872; x_wconf 85' lang='lat'>-</span> 
     </span>
     <span class='ocr_line' id='line_1_19' title="bbox 117 2941 1266 3045; baseline 0.001 -28"><span class='ocrx_word' id='word_1_131' title='bbox 117 2969 209 3019; x_wconf 90' lang='lat' dir='ltr'>num</span> <span class='ocrx_word' id='word_1_132' title='bbox 247 2967 398 3045; x_wconf 91' lang='lat' dir='ltr'>operam</span> <span class='ocrx_word' id='word_1_133' title='bbox 432 2944 610 3041; x_wconf 84' lang='lat' dir='ltr'>dederint)</span> <span class='ocrx_word' id='word_1_134' title='bbox 645 2969 669 3020; x_wconf 94' lang='lat' dir='ltr'>a</span> <span class='ocrx_word' id='word_1_135' title='bbox 703 2944 818 3019; x_wconf 88' lang='lat' dir='ltr'>Petro</span> <span class='ocrx_word' id='word_1_136' title='bbox 853 2946 890 3018; x_wconf 90' lang='lat' dir='ltr'>et</span> <span class='ocrx_word' id='word_1_137' title='bbox 923 2941 1046 3019; x_wconf 86' lang='lat' dir='ltr'>Paulo</span> <span class='ocrx_word' id='word_1_138' title='bbox 1076 2941 1266 3018; x_wconf 89' lang='lat' dir='ltr'>conditam</span> 
     </span>
     <span class='ocr_line' id='line_1_20' title="bbox 116 3081 1267 3184; baseline 0.002 -30"><span class='ocrx_word' id='word_1_139' title='bbox 116 3081 311 3157; x_wconf 89' lang='lat' dir='ltr'>asserebat</span> <span class='ocrx_word' id='word_1_140' title='bbox 350 3085 387 3157; x_wconf 93' lang='lat' dir='ltr'>et</span> <span class='ocrx_word' id='word_1_141' title='bbox 427 3083 622 3184; x_wconf 90' lang='lat' dir='ltr'>utriusque</span> <span class='ocrx_word' id='word_1_142' title='bbox 662 3081 845 3182; x_wconf 83' lang='lat' dir='ltr'>martyrio</span> <span class='ocrx_word' id='word_1_143' title='bbox 880 3081 1114 3168; x_wconf 89' lang='lat' dir='ltr'>decoratam;</span> <span class='ocrx_word' id='word_1_144' title='bbox 1153 3105 1267 3181; x_wconf 89' lang='lat' dir='ltr'>quam</span> 
     </span>
     <span class='ocr_line' id='line_1_21' title="bbox 115 3213 1264 3318; baseline 0.002 -29"><span class='ocrx_word' id='word_1_145' title='bbox 115 3213 288 3315; x_wconf 90' lang='lat' dir='ltr'>proinde,</span> <span class='ocrx_word' id='word_1_146' title='bbox 315 3240 432 3316; x_wconf 92' lang='lat' dir='ltr'>quum</span> <span class='ocrx_word' id='word_1_147' title='bbox 455 3217 651 3318; x_wconf 90' lang='lat' dir='ltr'>utriusque</span> <span class='ocrx_word' id='word_1_148' title='bbox 675 3216 788 3293; x_wconf 91' lang='lat' dir='ltr'>etiam</span> <span class='ocrx_word' id='word_1_149' title='bbox 811 3215 1053 3292; x_wconf 88' lang='lat' dir='ltr'>traditionem</span> <span class='ocrx_word' id='word_1_150' title='bbox 1079 3220 1264 3302; x_wconf 88' lang='lat' dir='ltr'>servaret,</span> 
     </span>
     <span class='ocr_line' id='line_1_22' title="bbox 118 3351 1265 3454; baseline 0.002 -29"><span class='ocrx_word' id='word_1_151' title='bbox 118 3351 288 3445; x_wconf 79' lang='lat' dir='ltr'>maxima</span> <span class='ocrx_word' id='word_1_152' title='bbox 313 3353 411 3453; x_wconf 92' lang='lat' dir='ltr'>apud</span> <span class='ocrx_word' id='word_1_153' title='bbox 436 3377 563 3429; x_wconf 89' lang='lat' dir='ltr'>omnes</span> <span class='ocrx_word' id='word_1_154' title='bbox 590 3353 829 3430; x_wconf 90' lang='lat' dir='ltr'>veneratione</span> <span class='ocrx_word' id='word_1_155' title='bbox 853 3353 1017 3454; x_wconf 87' lang='lat' dir='ltr'>gaudere</span> <span class='ocrx_word' id='word_1_156' title='bbox 1042 3357 1078 3428; x_wconf 85' lang='lat' dir='ltr'>ct</span> <span class='ocrx_word' id='word_1_157' title='bbox 1104 3353 1265 3430; x_wconf 85' lang='lat' dir='ltr'>auotori-</span> 
     </span>
     <span class='ocr_line' id='line_1_23' title="bbox 116 3483 633 3588; baseline 0.006 -27"><span class='ocrx_word' id='word_1_158' title='bbox 116 3489 194 3562; x_wconf 85' lang='lat' dir='ltr'>tate</span> <span class='ocrx_word' id='word_1_159' title='bbox 213 3483 356 3587; x_wconf 88' lang='lat' dir='ltr'>pollere</span> <span class='ocrx_word' id='word_1_160' title='bbox 374 3513 523 3588; x_wconf 84' lang='lat' dir='ltr'>aequum</span> <span class='ocrx_word' id='word_1_161' title='bbox 541 3493 633 3564; x_wconf 90' lang='lat' dir='ltr'>erat.</span> 
     </span>
    </p>
   </div>
   <div class='ocr_carea' id='block_1_5' title="bbox 82 3651 1269 4573">
    <p class='ocr_par' dir='ltr' id='par_1_5' title="bbox 82 3651 1269 4573">
     <span class='ocr_line' id='line_1_24' title="bbox 167 3651 1266 3756; baseline -0.004 -22"><span class='ocrx_word' id='word_1_162' title='bbox 167 3651 237 3734; x_wconf 75' lang='grc'>26.</span> <span class='ocrx_word' id='word_1_163' title='bbox 253 3652 341 3728; x_wconf 77' lang='lat' dir='ltr'>lam</span> <span class='ocrx_word' id='word_1_164' title='bbox 363 3659 397 3727; x_wconf 66' lang='grc' dir='ltr'>1(Ι</span> <span class='ocrx_word' id='word_1_165' title='bbox 417 3651 552 3730; x_wconf 84' lang='lat' dir='ltr'>Totum</span> <span class='ocrx_word' id='word_1_166' title='bbox 572 3653 641 3730; x_wconf 90' lang='lat' dir='ltr'>hoc</span> <span class='ocrx_word' id='word_1_167' title='bbox 659 3659 836 3756; x_wconf 81' lang='lat' dir='ltr'>systema,</span> <span class='ocrx_word' id='word_1_168' title='bbox 856 3659 893 3730; x_wconf 91' lang='lat' dir='ltr'>et</span> <span class='ocrx_word' id='word_1_169' title='bbox 910 3654 1105 3756; x_wconf 89' lang='lat' dir='ltr'>speciatim</span> <span class='ocrx_word' id='word_1_170' title='bbox 1130 3654 1266 3730; x_wconf 85' lang='lat' dir='ltr'>admis-</span> 
     </span>
     <span class='ocr_line' id='line_1_25' title="bbox 120 3785 1269 3892; baseline 0.003 -30"><span class='ocrx_word' id='word_1_171' title='bbox 120 3789 174 3864; x_wconf 85' lang='lat' dir='ltr'>sio</span> <span class='ocrx_word' id='word_1_172' title='bbox 193 3785 462 3888; x_wconf 89' lang='lat' dir='ltr'>suppositionis</span> <span class='ocrx_word' id='word_1_173' title='bbox 485 3789 653 3864; x_wconf 91' lang='lat' dir='ltr'>omnium</span> <span class='ocrx_word' id='word_1_174' title='bbox 670 3788 853 3870; x_wconf 88' lang='lat' dir='ltr'>librorum</span> <span class='ocrx_word' id='word_1_175' title='bbox 878 3791 924 3866; x_wconf 86' lang='lat' dir='ltr'>N.</span> <span class='ocrx_word' id='word_1_176' title='bbox 952 3789 995 3866; x_wconf 82' lang='lat' dir='ltr'>T.</span> <span class='ocrx_word' id='word_1_177' title='bbox 1025 3795 1162 3892; x_wconf 66' lang='lat' dir='ltr'>practer</span> <span class='ocrx_word' id='word_1_178' title='bbox 1180 3816 1269 3891; x_wconf 87' lang='lat' dir='ltr'>qua-</span> 
     </span>
     <span class='ocr_line' id='line_1_26' title="bbox 118 3921 1267 4024; baseline 0.003 -28"><span class='ocrx_word' id='word_1_179' title='bbox 118 3927 206 3998; x_wconf 91' lang='lat' dir='ltr'>tuor</span> <span class='ocrx_word' id='word_1_180' title='bbox 229 3921 419 4024; x_wconf 80' lang='lat' dir='ltr'>epistolas,</span> <span class='ocrx_word' id='word_1_181' title='bbox 446 3922 580 4000; x_wconf 88' lang='lat' dir='ltr'>nititur</span> <span class='ocrx_word' id='word_1_182' title='bbox 603 3923 821 4024; x_wconf 88' lang='lat' dir='ltr'>praejudicio</span> <span class='ocrx_word' id='word_1_183' title='bbox 846 3923 925 4011; x_wconf 93' lang='lat' dir='ltr'>illo,</span> <span class='ocrx_word' id='word_1_184' title='bbox 953 3949 1025 4024; x_wconf 94' lang='lat' dir='ltr'>quo</span> <span class='ocrx_word' id='word_1_185' title='bbox 1051 3948 1095 3998; x_wconf 88' lang='lat' dir='ltr'>ex</span> <span class='ocrx_word' id='word_1_186' title='bbox 1122 3921 1206 3999; x_wconf 85' lang='lat' dir='ltr'>Gal.</span> <span class='ocrx_word' id='word_1_187' title='bbox 1229 3924 1267 4000; x_wconf 94' lang='lat' dir='ltr'>ll</span> 
     </span>
     <span class='ocr_line' id='line_1_27' title="bbox 82 4059 1268 4164; baseline 0 -30"><span class='ocrx_word' id='word_1_188' title='bbox 82 4071 86 4080; x_wconf 83' lang='lat'><em>&#39;</em></span> <span class='ocrx_word' id='word_1_189' title='bbox 120 4084 303 4162; x_wconf 89' lang='lat' dir='ltr'>apparere</span> <span class='ocrx_word' id='word_1_190' title='bbox 332 4061 439 4137; x_wconf 91' lang='lat' dir='ltr'>aiunt</span> <span class='ocrx_word' id='word_1_191' title='bbox 462 4067 632 4164; x_wconf 86' lang='lat' dir='ltr'>apertam</span> <span class='ocrx_word' id='word_1_192' title='bbox 662 4067 698 4138; x_wconf 92' lang='lat' dir='ltr'>et</span> <span class='ocrx_word' id='word_1_193' title='bbox 731 4060 1007 4163; x_wconf 89' lang='lat' dir='ltr'>implacabilem</span> <span class='ocrx_word' id='word_1_194' title='bbox 1031 4059 1268 4136; x_wconf 90' lang='lat' dir='ltr'>inimicitiam</span> 
     </span>
     <span class='ocr_line' id='line_1_28' title="bbox 120 4195 1268 4276; baseline 0.003 -8"><span class='ocrx_word' id='word_1_195' title='bbox 120 4195 290 4273; x_wconf 81' lang='lat' dir='ltr'>extitisse</span> <span class='ocrx_word' id='word_1_196' title='bbox 320 4195 417 4273; x_wconf 92' lang='lat' dir='ltr'>inter</span> <span class='ocrx_word' id='word_1_197' title='bbox 444 4198 599 4274; x_wconf 87' lang='lat' dir='ltr'>Petrum</span> <span class='ocrx_word' id='word_1_198' title='bbox 626 4203 662 4275; x_wconf 91' lang='lat' dir='ltr'>et</span> <span class='ocrx_word' id='word_1_199' title='bbox 688 4197 853 4275; x_wconf 88' lang='lat' dir='ltr'>Paulum</span> <span class='ocrx_word' id='word_1_200' title='bbox 880 4202 917 4276; x_wconf 92' lang='lat' dir='ltr'>et</span> <span class='ocrx_word' id='word_1_201' title='bbox 942 4196 1148 4273; x_wconf 88' lang='lat' dir='ltr'>sententias</span> <span class='ocrx_word' id='word_1_202' title='bbox 1175 4197 1268 4272; x_wconf 91' lang='lat' dir='ltr'>invi-</span> 
     </span>
     <span class='ocr_line' id='line_1_29' title="bbox 120 4332 1269 4436; baseline 0 -29"><span class='ocrx_word' id='word_1_203' title='bbox 120 4357 201 4408; x_wconf 84' lang='lat' dir='ltr'>cem</span> <span class='ocrx_word' id='word_1_204' title='bbox 232 4333 442 4410; x_wconf 89' lang='lat' dir='ltr'>contrarias</span> <span class='ocrx_word' id='word_1_205' title='bbox 472 4335 592 4435; x_wconf 90' lang='lat' dir='ltr'>quoad</span> <span class='ocrx_word' id='word_1_206' title='bbox 623 4336 833 4412; x_wconf 88' lang='lat' dir='ltr'>doctrinam</span> <span class='ocrx_word' id='word_1_207' title='bbox 864 4337 908 4412; x_wconf 89' lang='lat' dir='ltr'>de</span> <span class='ocrx_word' id='word_1_208' title='bbox 930 4332 1202 4436; x_wconf 87' lang='lat' dir='ltr'>justificatione</span> <span class='ocrx_word' id='word_1_209' title='bbox 1232 4337 1269 4407; x_wconf 89' lang='lat' dir='ltr'>et</span> 
     </span>
     <span class='ocr_line' id='line_1_30' title="bbox 123 4467 1268 4573; baseline 0 -33"><span class='ocrx_word' id='word_1_210' title='bbox 123 4467 243 4567; x_wconf 86' lang='lat' dir='ltr'>quoad</span> <span class='ocrx_word' id='word_1_211' title='bbox 271 4467 536 4569; x_wconf 83' lang='lat' dir='ltr'>obligationem</span> <span class='ocrx_word' id='word_1_212' title='bbox 567 4473 809 4550; x_wconf 91' lang='lat' dir='ltr'>observandae</span> <span class='ocrx_word' id='word_1_213' title='bbox 838 4471 933 4573; x_wconf 87' lang='lat' dir='ltr'>legis</span> <span class='ocrx_word' id='word_1_214' title='bbox 958 4467 1131 4547; x_wconf 78' lang='lat' dir='ltr'>Judaioae</span> <span class='ocrx_word' id='word_1_215' title='bbox 1162 4467 1268 4544; x_wconf 83' lang='lat' dir='ltr'>Chri-</span> 
     </span>
    </p>
   </div>
   <div class='ocr_carea' id='block_1_6' title="bbox 0 0 1608 5150">
    <p class='ocr_par' dir='ltr' id='par_1_6' title="bbox 0 0 1608 5150">
     <span class='ocr_line' id='line_1_31' title="bbox 0 0 1608 5150; baseline 0 0"><span class='ocrx_word' id='word_1_216' title='bbox 0 0 1608 5150; x_wconf 95' lang='lat' dir='ltr'> </span> 
     </span>
    </p>
   </div>
  </div>
 </body>
</html>
