3132 5140
467 459 529 504 car.
551 461 590 506 vr.
617 459 651 506 aa
672 459 891 506 ruaromnrus.
1194 443 1254 503 179

98 635 210 712 dicta.
233 635 332 710 Haec
350 637 477 711 autem
494 659 570 712 non
587 639 676 712 sunt
694 635 824 713 eadem
841 660 928 712 cum
945 634 993 710 iis
1010 659 1095 737 quae
1120 658 1253 737 appro-

98 769 209 847 babat
231 767 492 846 Tertullianus
515 773 567 869 (1).
597 784 630 850 b.
654 770 762 859 Quod
787 775 913 848 autem
943 769 1049 848 addit
1077 770 1215 848 Oruice
1241 802 1249 845 :
1306 865 1309 872 .

101 939 117 969 κ
136 904 189 982 Oe
213 905 312 982 n'est
337 929 404 1007 pas
428 905 588 982 Montan
616 905 707 1008 qu'il
736 931 883 997 accuse,
907 906 995 983 o’est
1019 904 1142 1007 plutdt
1166 905 1251 984 Pri·

97 1038 257 1116 scillcet
276 1038 458 1129 Maxime,
489 1076 505 1106 n
535 1040 629 1117 satis
647 1041 835 1120 refutatur
853 1040 1082 1143 inspiciendo
1103 1042 1248 1118 Philon.

98 1172 204 1250 VIII.
229 1179 270 1262 6,
301 1177 347 1249 19
370 1175 407 1272 (a)
430 1177 467 1249 et
489 1173 537 1250 X.
565 1177 614 1250 25
635 1204 643 1249 :
664 1175 803 1277 ubique
826 1175 925 1251 enim
943 1178 1077 1252 auctor
1102 1174 1250 1252 Monta-

98 1333 187 1384 num
204 1333 296 1386 cum
315 1306 494 1385 Priscilla
518 1313 556 1385 et
574 1307 747 1385 Maxima
771 1309 979 1410 conjungit.
1008 1338 1040 1388 c.
1058 1307 1251 1385 Praeterea

98 1445 193 1545 quod
213 1448 350 1521 auctor
363 1445 506 1520 Plu'toa
528 1444 620 1521 satis
633 1445 797 1522 breviter
814 1443 982 1545 loquitur
998 1442 1044 1520 de
1060 1442 1250 1520 erroribus
1368 1535 1372 1553 ,

99 1581 291 1670 Montani,
317 1581 427 1658 facile
450 1583 661 1684 explicatur
684 1607 731 1659 ex
756 1581 875 1684 ipsius
902 1606 1012 1682 scopo
1038 1610 1046 1656 :
1071 1580 1121 1658 ibi
1151 1581 1251 1682 enim
1281 1651 1285 1660 .

100 1742 172 1793 non
206 1719 360 1820 poterat
391 1720 573 1818 praestare
607 1717 644 1794 id
680 1717 778 1820 quod
813 1740 960 1818 semper
992 1715 1249 1818 prosequitur,

100 1853 298 1929 ostendere
315 1851 496 1928 nimirum
515 1852 779 1930 haereticorum
802 1850 942 1955 placita
958 1849 1155 1951 desumpta
1172 1874 1252 1926 esse

9 1981 10 1984 ‘
102 2011 146 2061 cx
169 1985 355 2062 doctrinis
379 1985 589 2086 gentilium.
618 2031 666 2042 —-
692 1985 802 2063 Unde
826 1984 979 2062 tandem
999 1997 1038 2064 d.
1060 2008 1107 2060 ex
1128 2007 1251 2084 repre·

101 2118 283 2196 hensione
298 2119 470 2196 Montani
488 2144 586 2221 quae,
603 2117 701 2196 sicut
717 2118 879 2195 aliorum
897 2115 1249 2203 haeresiarcharum,

102 2251 266 2329 habetur
295 2253 396 2353 apud
425 2258 618 2330 auctorem
647 2256 832 2340 nostrum,
861 2250 986 2353 potius
1015 2248 1252 2326 concluditur

102 2390 247 2465 Pla'tos.
270 2412 346 2464 non
362 2411 470 2489 posse
487 2387 602 2465 tribui
623 2384 869 2464 Tertulliano

150 2597 214 2680 14.
239 2605 280 2678 5⁰
311 2589 567 2678 Tertullianus
601 2624 700 2701 saepe
733 2598 773 2675 in
806 2592 1049 2697 philosophos
1083 2591 1252 2668 ethnicos

102 2737 246 2816 solebat
264 2737 392 2814 invehi
412 2742 422 2836 (
439 2741 462 2835 ).

149 2897 201 2974 R.
231 2899 375 2974 Auctor
405 2901 530 2974 noster
560 2920 634 2972 non
663 2894 755 2970 adeo
781 2891 821 2968 in
851 2890 920 2967 hos
948 2885 1155 2974 invehitur,
1187 2887 1250 2962 sed

101 3031 298 3107 ostendere
314 3035 472 3108 conatur
489 3030 686 3106 haereticos
704 3027 750 3104 ab
778 3024 868 3127 ipsis
886 3046 956 3099 sua
980 3021 1157 3121 dogmata
1175 3043 1254 3095 mu-

102 3167 229 3241 tuatos
246 3188 340 3240 esse.
361 3209 408 3220 -—
435 3162 612 3241 Ceterum
629 3157 940 3263 philosophorum
962 3151 1159 3254 gentilium
1177 3152 1254 3254 opi-

103 3297 232 3374 niones
259 3297 461 3375 irriserunt
485 3301 522 3375 et
547 3294 658 3374 multi
681 3293 748 3372 alii
770 3293 971 3394 scriptores
995 3285 1250 3364 ecclesiastici.

154 3493 216 3579 15·
232 3502 273 3573 6⁰
290 3495 546 3574 Tertullianus
564 3493 719 3572 admisit
739 3514 885 3569 errores
904 3486 1046 3565 similes
1063 3485 1253 3563 erroribus

103 3631 269 3710 auctoris
291 3632 442 3708 Plator.
476 3630 578 3708 circa
603 3625 883 3730 generationem
910 3621 1026 3699 Verbi
1052 3619 1171 3697 divini
1198 3623 1249 3721 (r).

152 3791 204 3871 R.
235 3791 386 3870 Similes
408 3815 554 3867 errores
575 3787 637 3866 vel
660 3786 848 3865 nonsatis
874 3783 1043 3861 accurati
1072 3781 1173 3860 modi
1198 3780 1250 3858 lo·

106 3927 242 4028 quendi
264 3927 385 4028 magis
407 3925 602 4029 perspicue
625 3923 740 4000 etiam
763 3921 967 3999 occurrunt
983 3915 1082 4018 apud
1110 3913 1253 4015 Hippo-

136 4280 165 4342 (ι)
191 4277 247 4329 cfr.
271 4271 346 4328 Test.
370 4269 402 4337 Β,
424 4269 456 4334 8,
479 4273 502 4325 ὅ
523 4271 659 4339 (Append.
727 4267 882 4336 (alcanica,
895 4281 922 4330 p.
938 4265 993 4316 126.

108 4382 187 4436 pagg.
200 4364 250 4437 111,
271 4362 327 4431 44).
730 4363 880 4429 (iterares,
893 4376 919 4425 p.
932 4359 987 4409 127.

138 4475 169 4532 tr)
182 4467 213 4518 P.
227 4467 293 4518 (1.1.
307 4463 379 4518 XVI.
394 4480 439 4531 pp.
452 4465 527 4528 3347,
539 4464 613 4516 3365.
