3170 5134
485 499 546 544 cnr.
570 498 610 544 iv.
633 497 669 546 ss
690 498 877 546 arescamus.
1005 499 1010 502 ·
1201 492 1256 552 45¹

107 674 179 750 ubi
199 673 328 778 aliquis
346 677 517 779 privatus
542 678 740 782 episcopus
762 678 968 782 provinciae
995 679 1179 760 Romanae
1202 684 1262 762 his

105 809 245 912 primis
264 813 492 915 temporibus
518 813 740 915 hujusmodi
770 811 882 892 titulo
909 813 1113 916 insignitus
1132 816 1258 896 fuerit.

105 945 216 1022 Nam
238 945 449 1025 testimonia
471 947 697 1027 Latinorum
724 972 748 1025 a
771 946 959 1050 Ruggieri
980 948 1096 1027 citata
1114 949 1261 1029 desum-

101 1085 176 1182 pta
198 1085 279 1160 sunt
294 1107 339 1160 ex
356 1083 608 1163 monumentis
632 1106 706 1161 sec.
728 1083 765 1160 X
783 1083 1064 1186 posterioribus.
1087 1085 1146 1164 Ex
1170 1086 1261 1165 duo·

101 1218 183 1294 bus
206 1218 333 1321 primis
357 1245 447 1297 vero
470 1245 535 1298 seu
562 1220 707 1300 Graecis
730 1219 826 1297 nihil
849 1221 1000 1299 videtur
1020 1223 1112 1300 satis
1135 1225 1260 1304 valide

101 1353 280 1432 concludi
301 1381 410 1459 posse
432 1387 439 1432 :
460 1356 601 1459 optime
624 1357 724 1434 enim
749 1355 1015 1460 intelliguntur
1038 1357 1084 1434 de
1107 1358 1199 1462 ipsis
1223 1365 1261 1438 et

100 1486 199 1566 solis
225 1489 470 1568 Pontificibus
495 1490 680 1569 Romanis
706 1489 943 1590 (a··soilicet)
965 1492 1099 1570 auide
1126 1493 1175 1572 R.
1206 1496 1252 1572 P.

100 1623 286 1727 delegatis
307 1629 402 1726 (lm).
428 1627 622 1705 Praeterea
645 1626 793 1705 etiamsi
816 1627 972 1705 daretur
988 1629 1147 1706 'Graecos
1169 1655 1257 1709 usos

1 1790 2 1799 Ν
99 1760 223 1837 fuisse
250 1760 319 1839 hac
347 1760 599 1864 appellatione
623 1775 647 1841 oi
658 1775 718 1841 ἀπὸ
730 1773 839 1855 Ῥώμης
864 1763 925 1839 rel
946 1775 970 1841 oi
982 1773 1185 1856 aara‘rapp
1210 1767 1258 1844 ad

97 1896 351 1998 designandos
381 1898 573 2001 episcopos
602 1893 808 2003 provinciae
839 1899 1023 1978 Romanae
1057 1899 1256 1982 collective

97 2037 288 2136 sumptos,
319 2035 357 2111 id
387 2039 514 2112 tamen
539 2035 664 2113 adhuc
690 2035 987 2114 remotissimum
1019 2040 1117 2113 esset
1142 2035 1167 2114 a
1191 2038 1258 2115 tri-

99 2171 253 2250 buendo
285 2172 400 2251 alicui
431 2174 654 2277 particulari
684 2175 858 2278 episcopo
888 2174 958 2252 has
987 2174 1257 2278 appellationes

97 2305 295 2409 Episcopi,
334 2307 631 2411 Archiepiscopi‚
671 2308 909 2386 Patriarchae
946 2310 983 2385 et
1019 2309 1138 2411 Papae
1176 2309 1254 2388 Ro-

97 2465 180 2516 mae
206 2443 255 2539 (1).
282 2487 329 2496 —
358 2441 468 2520 Unde
494 2442 654 2544 denique
674 2445 764 2546 jure
787 2441 1083 2521 concludendum
1105 2442 1256 2522 videtur

96 2576 177 2652 has
211 2574 492 2678 appellationes,
523 2579 602 2653 tam
638 2577 887 2654 communiter
920 2577 967 2653 ab
999 2575 1255 2655 Orientalibus

1 3049 2 3052 Ἴ
91 2975 292 3029 difficultatem
304 2976 372 3028 oriri
384 2979 660 3031 contraeontentiam
693 2957 826 3029 Pon'titioi
839 2953 970 3029 Romano
993 2979 1022 3028 et
1042 2979 1177 3042 praeterea
1199 2979 1253 3031 Pa·

1 3069 2 3084 ¹
94 3067 134 3118 de
152 3066 220 3118 sede
235 3066 382 3118 Portuensi
399 3071 493 3119 censet
509 3067 655 3135 Ruggieri.
690 3068 820 3119 triarchas
841 3065 1030 3119 Alexandrino
1052 3067 1161 3118 ridetur
1180 3083 1251 3120 sem·

96 3156 214 3207 Etenim
229 3175 242 3197 u
258 3155 341 3222 Papae
358 3137 511 3208 titulum...
525 3171 582 3210 non
598 3157 655 3209 Ro·
689 3170 738 3222 per
750 3156 906 3208 reservatus
918 3156 1013 3206 misse.
1026 3155 1043 3206 J
1046 3169 1090 3206 am
1102 3169 1165 3208 vero
1175 3158 1251 3209 testi·

97 3260 215 3300 manum
238 3246 416 3311 Pontificem,
443 3248 492 3298 sed
515 3247 662 3312 emuslibet
695 3247 789 3299 monia
810 3246 858 3297 ubi
881 3245 1049 3312 Hippolytus
1068 3245 1116 3297 illo
1136 3249 1252 3299 ornatus

1 3391 2 3394 ,
96 3337 180 3388 urbis
192 3337 351 3403 episcopum
363 3339 511 3404 designare
523 3353 605 3390 nemo
617 3339 660 3390 cst
692 3339 839 3403 reperitur,
852 3336 1037 3390 Orientalium
1049 3338 1123 3387 sunt.

96 3427 148 3490 qui
158 3427 272 3478 nesciat.
283 3427 366 3492 Papae
377 3427 450 3480 euim
460 3429 657 3481 nomenomni-
723 3430 754 3495 (r)
787 3428 819 3479 ln
852 3426 1005 3480 collatione
1038 3425 1250 3492 Carthaginensi

96 3520 153 3569 bus
173 3518 324 3570 Christiani
343 3520 418 3570 orbis
438 3520 576 3586 episcopis
594 3521 658 3573 ante
691 3521 781 3586 prima
797 3520 871 3571 inter
887 3517 1032 3584 episcopos
1048 3517 1206 3569 catholicos
1224 3519 1253 3569 et

1 3602 2 3609 ’
96 3608 280 3660 saeculumIX
288 3623 434 3662 commune
446 3611 507 3672 luit,
519 3612 551 3661 ut
562 3611 660 3662 notant
692 3609 853 3661 Donatistae
870 3607 966 3659 habita
981 3606 1038 3674 (au.
1055 3607 1113 3666 411)
1125 3605 1251 3658 introdu-

1 3725 2 3768 j
96 3698 302 3752 eruditi-riri...
317 3697 377 3766 [cir.
387 3697 656 3766 supraN.·28extr.].
691 3699 754 3750 ctus
769 3699 861 3750 estex
877 3699 956 3762 parte
973 3695 1181 3747 Donatistarum
1197 3694 1250 3746 Fe-

1 3805 2 3812 *
95 3789 226 3840 Tandem
236 3788 387 3855 Gregorius
399 3789 452 3841 VII
469 3788 543 3840 edita
553 3789 656 3840 consti·
692 3787 732 3839 lix
756 3786 868 3851 quidam
886 3807 898 3828 a
920 3783 1074 3850 Episcopus
1096 3782 1173 3832 urbis
1193 3781 1251 3836 Ro·

96 3877 209 3930 tutione
228 3879 385 3943 hujusmodi
406 3892 508 3930 nomen
530 3877 583 3930 soli
603 3877 659 3929 Ro·
693 3890 745 3927 mae
758 3898 770 3920 n
783 3877 819 3942 (n.
839 3877 895 3927 157.
914 3901 945 3912 -
962 3873 1064 3935 Manat,
1080 3869 1159 3922 Cone.
1179 3871 1199 3922 t.
1213 3871 1250 3924 lI.

1 4035 2 4048 χ
96 3983 181 4022 mano
201 3969 332 4020 Pontifici
350 3971 448 4022 merito
471 3970 620 4022 reservarit
645 3992 657 4014 a
692 3983 719 4034 p.
735 3967 911 4032 laetamen
928 3961 1250 4027 contextuiacileappa-

94 4065 139 4128 (P.
155 4064 187 4115 G.
208 4064 228 4114 t.
242 4063 277 4114 X.
291 4078 319 4129 p.
332 4065 399 4124 493).
417 4091 450 4100 -
467 4063 597 4115 Attamen
608 4061 650 4112 acl·
689 4062 731 4113 ret
742 4059 822 4112 illum
835 4073 891 4112 non
910 4059 941 4110 ut
954 4057 1115 4122 episcopum
1128 4054 1253 4106 suburbi-

94 4151 262 4206 vertendum
274 4154 325 4217 est,
338 4166 505 4216 quamquam
514 4152 595 4216 apud
607 4149 660 4201 La-
694 4149 812 4211 carium‚
825 4149 873 4200 sed
885 4149 917 4198 ut
927 4146 1018 4212 ipsum
1030 4142 1190 4207 episcopum
1202 4155 1252 4194 sou

94 4246 173 4297 tinos
186 4243 339 4308 scriptores
351 4243 455 4307 passim
468 4241 496 4291 id
508 4253 609 4292 nomen
623 4241 662 4291 at·
696 4239 861 4292 Pontificem
874 4237 1031 4288 Romanum
1043 4233 1123 4296 (sorte
1134 4245 1151 4282 a
1162 4231 1249 4282 achis·

94 4335 235 4386 tributum
245 4331 385 4396 reperitur
396 4329 512 4382 cuilibet
520 4329 661 4396 episcopo,
695 4328 805 4380 maticis
828 4326 996 4384 ordinatum)
1017 4319 1205 4372 introductum
1226 4321 1254 4372 et

93 4441 150 4480 non
167 4431 267 4478 tamen
283 4425 357 4491 apud
375 4425 487 4477 Graecos
503 4424 531 4476 et
550 4424 658 4475 ceteros
690 4423 722 4474 ut
748 4421 833 4474 talem
862 4433 879 4471 a
915 4413 1065 4469 Catholicis
1092 4412 1250 4465 recusatum

93 4517 266 4579 Orientales,
283 4515 356 4581 apud
372 4528 441 4579 quos
458 4514 483 4566 is
494 4513 592 4564 titulus
608 4510 660 4563 soli
693 4511 787 4563 fuisse.
