3180 5134
499 482 610 528 rnsrm.
636 481 671 528 nn
692 482 900 529 rnnrunnmo.
1241 461 1279 536 dd

122 643 196 700 slent
209 657 248 699 ex
262 640 440 713 corporibus
453 657 580 712 corpus:
596 642 673 712 quod
688 642 835 699 catholica
847 642 920 698 fides
933 641 1124 698 vehementer
1141 655 1276 699 exsecra·
1374 627 1389 652 ‘

121 741 179 798 tur.
202 739 275 814 »(1)

166 902 205 966 6.
227 908 309 966 [bid.
332 923 357 966 c.
373 909 417 965 86.
435 933 448 954 u
464 908 702 965 Tertullianistas
724 909 796 964 olim
808 923 827 964 a
840 907 943 964 Sotere
956 922 1032 979 papa
1044 911 1176 966 Romano
1196 910 1276 968 dam-

120 1012 206 1068 natos
218 995 367 1083 legimns..
377 1057 394 1070 ..
410 1011 611 1069 Tertullianus
629 1011 730 1068 autem
750 1013 807 1068 luit
820 1013 893 1068 civis
912 1012 943 1068 et
955 1012 1110 1083 presbyter
1127 1013 1278 1086 Cartbagi-

119 1109 230 1166 uiensis
255 1129 262 1166 ι
288 1111 433 1181 opuscula
454 1109 701 1180 eloquentissima
724 1109 754 1166 et
775 1109 922 1167 ferventia
943 1111 973 1164 in
996 1093 1164 1168 defensione
1187 1112 1278 1169 edidit

120 1205 267 1264 veritatis.
284 1208 338 1262 llio
357 1207 434 1277 apud
449 1206 658 1277 carthaginem
678 1207 831 1263 basilicam
846 1206 959 1273 babuit,
974 1208 1025 1264 ubi
1044 1209 1145 1282 populi
1158 1210 1195 1266 ad
1209 1225 1278 1266 eum

119 1303 347 1360 conveniebant.
359 1305 430 1369 Quae
442 1304 565 1361 basilica
578 1318 671 1374 usque
685 1303 722 1360 ad
737 1305 893 1360 Aurelium
906 1305 1076 1376 episcopum
1086 1306 1152 1364 luit.
1167 1307 1279 1376 Agenle

118 1401 200 1456 enim
219 1403 385 1471 Augustino
404 1402 581 1472 Hipponensi
597 1401 736 1470 episcopo
757 1400 788 1456 et
805 1401 1022 1457 rationabiliter
1039 1404 1162 1462 cumeis
1180 1403 1279 1474 dispu-
1349 1415 1350 1419 ’

118 1498 214 1564 tante,
226 1499 364 1555 conversi
377 1499 458 1566 sunt,
469 1498 689 1569 ecclesiamque
703 1511 788 1554 suam
802 1499 913 1555 sanotae
923 1499 1063 1555 Ecclesiae
1076 1501 1276 1560 contulerunt.

119 1597 339 1680 Tertullianum
359 1597 460 1653 autem
477 1595 627 1653 catholica
639 1597 709 1652 binc
728 1596 919 1666 reprehendit
931 1598 1105 1666 auotoritas,
1126 1599 1203 1670 quod
1217 1602 1279 1657 ani·

119 1709 201 1750 mam
214 1710 253 1751 ex
266 1695 366 1750 anima
378 1696 460 1751 nasci
473 1693 556 1761 dicit,
573 1695 606 1750 et
618 1693 748 1750 defendit
765 1695 939 1750 Montanum
952 1695 983 1750 et
996 1697 1128 1752 Priscam
1142 1697 1173 1754 et
1185 1700 1278 1754 blaxi-

118 1791 235 1848 millam
260 1794 365 1849 contra
388 1792 477 1848 fldem
500 1791 693 1858 catholicam,
721 1793 752 1846 et
776 1791 882 1847 contra
900 1793 1085 1862 Apollonium
1108 1795 1278 1865 episcopum

118 1889 263 1956 Orientis,
284 1891 318 1946 et
333 1891 439 1947 eontra
452 1889 587 1946 Soterem
607 1903 714 1959 papam
735 1889 819 1944 urbis
838 1891 950 1957 Romae,
974 1890 1007 1946 ut
1028 1891 1277 1961 supradiximus,

118 1987 192 2043 dum
206 1987 410 2058 cataphryges
423 1987 583 2044 haereticos
598 1986 805 2057 detegeremus
820 2004 827 2040 :
842 1999 861 2040 a
873 1985 979 2055 quibus
989 1987 1092 2055 postea
1105 1985 1228 2054 divisus,
1243 2003 1279 2044 ne

118 2084 204 2154 plebs
228 2084 363 2140 Montani
392 2097 500 2140 nomen
524 2082 699 2139 Tertulliani
722 2081 875 2137 videretur
897 2081 1065 2148 excludere,
1086 2082 1182 2140 fundit
1204 2098 1223 2139 a
1247 2098 1280 2140 se

117 2195 240 2238 omnem
256 2179 396 2251 Phrygiae
412 2180 576 2236 vanitatem
596 2179 626 2236 et
639 2177 929 2235 Tertullianistarum
949 2181 1154 2240 conventicula
1173 2195 1278 2252 propa·

117 2281 226 2350 gavit:
247 2279 322 2335 nibil
343 2279 493 2335 tamenin
518 2277 575 2333 dde
597 2276 735 2333 mutarit.
760 2279 834 2331 Nam
858 2276 889 2331 et
908 2276 1053 2351 secundas
1072 2279 1191 2350 nuptias
1210 2295 1278 2335 oon·

116 2379 260 2444 damnat,
288 2378 322 2433 ut
348 2377 495 2442 diximus,
523 2375 653 2432 animam
680 2389 718 2430 ex
744 2374 868 2430 traduce
893 2376 995 2432 venire
1019 2378 1143 2445 asserit,
1170 2379 1200 2435 et
1225 2391 1279 2434 nos

116 2474 285 2532 catholicos
312 2473 472 2542 Psychicos
496 2471 610 2528 titulat.
636 2472 821 2540 Ubicumque
844 2471 944 2528 autem
970 2474 1078 2544 legeris
1104 2474 1301 2548 Tertulliani!

115 2573 282 2630 adversum
311 2570 481 2640 Psychros,
505 2569 582 2626 scias
605 2583 673 2625 eum
696 2569 801 2625 contra
824 2583 860 2624 ca
859 2568 987 2627 tholicos
1014 2587 1157 2642 agere.
1143 2570 1221 2647 (a)

144 2850 172 2906 (ι)
183 2849 215 2895 P.
229 2846 260 2894 L.
272 2849 291 2892 t.
302 2845 369 2892 Llll.
383 2857 407 2902 p.
420 2849 469 2892 596.
744 2847 771 2904 (a)
785 2848 851 2896 lbld.
867 2860 892 2906 p.
909 2853 958 2896 diu.
