3170 5134
339 398 398 457 tto
536 391 624 456 'mss
648 412 689 457 ur.
712 411 748 454 na
768 409 896 456 sacroru
917 407 1219 455 ruruosoruouurnon.

338 579 550 677 conjectura
567 576 709 653 nullam
734 574 849 652 aliam
867 574 1048 652 rationem
1073 573 1185 651 habet
1207 597 1320 675 quam
1344 575 1388 649 ut
1405 570 1474 648 sal-

338 717 448 790 vetur
464 713 667 790 auotoritas
686 711 839 791 Gelasii.

389 896 445 982 17.
470 918 543 982 111.
577 902 631 980 St.
664 902 720 978 Ln
751 900 897 976 Morus.
930 902 970 998 (1)
1006 899 1179 1001 opinatus
1208 903 1265 976 est
1295 899 1475 1002 Hippoly-

331 1039 419 1116 tum
444 1037 582 1115 Portus
602 1034 765 1113 Romani
786 1034 935 1135 quidem
958 1033 1171 1135 episcopum
1195 1033 1323 1121 tuisse,
1349 1033 1412 1110 sed
1438 1035 1474 1110 in

339 1170 491 1260 Arabia,
512 1169 667 1272 emporii
684 1167 863 1245 nimirum
880 1167 1110 1244 celeberrimi
1128 1171 1179 1265 (a),
1199 1167 1297 1269 quod
1318 1171 1355 1243 et
1371 1165 1475 1242 Aden

338 1303 487 1395 dicitur,
503 1330 526 1382 a
544 1305 726 1384 Romanis
740 1301 1008 1381 mercatoribus
1025 1300 1225 1378 admodum
1238 1300 1473 1403 frequentati,

340 1440 510 1541 quodque
527 1439 675 1516 nomine
692 1437 860 1540 Emporii
878 1462 943 1513 seu
957 1438 1097 1513 Portus
1116 1435 1317 1515 Romania
1335 1436 1475 1513 Graecis

339 1575 525 1677 designari
539 1576 671 1678 potuit.
693 1575 793 1652 Huic
806 1575 970 1677 opinioni
984 1574 1284 1675 subscripserunt
1298 1572 1404 1651 Cava
1418 1576 1472 1672 (ab

344 1709 429 1787 Cas.
451 1708 578 1786 Oumu
597 1712 651 1808 (r);
672 1709 800 1786 Durm
818 1711 875 1808 (s);
891 1709 1086 1786 Assnnraru
1104 1711 1156 1808 (a),
1172 1712 1209 1785 et
1227 1707 1291 1784 alii
1309 1707 1471 1809 quidam.

343 1891 388 1900 —
405 1845 457 1921 At
473 1846 595 1924 obstat
616 1876 624 1922 ε
648 1853 682 1923 l⁰
697 1845 804 1934 Quod
823 1869 1007 1947 nusquam
1024 1844 1163 1946 legitur
1180 1844 1243 1921 ille
1260 1847 1390 1946 portus
1405 1845 1476 1922 Ro

343 2001 475 2054 manus
499 1978 602 2055 sedes
626 1977 858 2080 episcopalis,
885 1979 973 2067 imo,
997 1983 1040 2055 ut
1063 1978 1226 2066 videtur,
1253 2003 1320 2054 nec
1345 1978 1475 2054 civitas

344 2109 456 2212 hujus
470 2112 629 2189 nominis
647 2113 773 2189 fuisse.
794 2118 833 2190 2⁰
851 2112 958 2201 Quod
973 2113 1156 2190 Eusebius
1170 2117 1207 2189 et
1223 2112 1474 2214 Hieronymus

343 2245 439 2322 hano
457 2245 653 2347 Hippolyti
667 2245 790 2322 sedem
807 2249 884 2322 tam
903 2245 1087 2324 illustrem
1101 2250 1155 2344 (ut
1169 2246 1239 2348 ipsi
1253 2251 1473 2348 supponunt)

343 2384 386 2456 ut
409 2379 559 2457 Arabiae
585 2378 798 2482 metropolis
824 2379 950 2468 luerit,
978 2384 1014 2457 et
1039 2378 1253 2457 Palaestinae
1279 2384 1358 2456 tam
1386 2379 1473 2456 vici-

341 2539 441 2602 nam,
477 2515 605 2617 utique
638 2541 711 2592 non
745 2497 990 2616 ignorassent.
1032 2517 1071 2590 3⁰
1106 2511 1213 2600 Quod
1249 2512 1473 2614 Hippolytus

342 2649 475 2727 Romae
493 2652 662 2725 versatus
681 2654 736 2726 est
753 2653 789 2726 et
807 2649 942 2726 ibidem
964 2648 1143 2750 sepultus
1166 2647 1275 2726 Unde
1292 2651 1474 2749 coguntur

341 2785 454 2860 etiam
472 2809 677 2885 supponere
700 2784 807 2860 illum
825 2789 1001 2885 vergente
1019 2787 1130 2860 aetate
1152 2783 1311 2861 Romam
1330 2781 1474 2858 venisse

342 2923 465 3023 ibique
482 2921 638 2998 subiisse
655 2921 891 3022 martyrium.
922 2929 960 2998 4⁰
978 2922 1170 2997 Praeterea
1194 2942 1401 3020 supponere
1416 2918 1474 2994 de-

343 3056 429 3132 bent
445 3054 530 3130 inde
553 3054 592 3129 in
614 3078 777 3133 errorem
796 3054 966 3131 inductos
990 3055 1105 3130 fuisse
1128 3079 1189 3131 eos
1213 3052 1275 3155 qui
1295 3052 1474 3154 Hippoly-
1562 3057 1563 3080 ³

342 3191 423 3264 tum
441 3187 581 3290 Portus
593 3185 705 3286 juxta
721 3187 885 3266 Romam
902 3187 962 3263 vel
984 3187 1095 3265 etiam
1115 3189 1248 3267 Romae
1265 3189 1477 3292 episcopum

344 3321 459 3397 fuisse
475 3321 605 3398 dicunt
621 3325 632 3420 (
647 3324 670 3419 ).
693 3367 738 3376 -
757 3321 887 3423 anue
904 3321 1030 3399 omnia
1048 3346 1178 3400 rursus
1196 3324 1242 3401 ob
1259 3321 1475 3400 salvandam

297 3518 299 3522 ,
344 3456 601 3534 auctoritatem
622 3457 732 3533 unius
751 3455 905 3534 Gelasii.

396 3650 453 3734 18.
479 3672 545 3736 tv.
574 3657 684 3734 Hanc
701 3655 817 3757 igitur
843 3657 1053 3734 deserentes
1072 3653 1299 3732 Transmonr
1316 3657 1354 3730 et
1372 3653 1476 3732 Omn-
1562 3627 1563 3718 }

375 3949 450 4012 (r)In
466 3947 619 4013 Proleqom.
640 3953 674 4002 ad
697 3949 780 4001 Varia
794 3949 887 4010 Sacra,
954 3949 984 4013 (ι)
1006 3948 1193 4001 commentar.
1217 3949 1250 3996 de
1269 3945 1367 4008 Serme.
1388 3947 1472 3996 eccles.
1562 3933 1563 4002 l

342 4037 414 4087 circa
428 4038 475 4089 tin.
926 4039 946 4090 t.
960 4039 981 4090 l.
996 4053 1022 4102 p.
1035 4037 1092 4088 222.

373 4125 402 4189 (a)
421 4125 462 4178 De
479 4138 532 4189 quo
553 4127 772 4180 Panosronorus
793 4127 828 4178 H.
853 4125 887 4178 Ε.
955 4129 985 4190 (a)
1001 4125 1128 4177 Biblioth.
1140 4129 1159 4177 t.
1172 4127 1193 4176 l.
1208 4141 1233 4190 p.
1248 4125 1303 4176 179.

343 4218 394 4270 ΙΙΙ.
410 4221 506 4271 dextr.
519 4220 559 4284 (P.
573 4221 604 4272 G.
618 4221 637 4272 t.
651 4221 731 4273 LXV.
746 4237 771 4286 p.
786 4223 852 4282 485).
951 4219 982 4284 (a)
1000 4218 1132 4270 Bibliotb.
1150 4217 1252 4269 Orient.
1269 4217 1287 4268 t.
1304 4216 1356 4268 111.
1376 4221 1443 4283 part.
1455 4229 1471 4266 1,

374 4310 403 4373 (a)
421 4307 491 4361 Hist.
512 4313 592 4362 litter.
609 4312 659 4364 Ed.
677 4311 771 4365 colon.
790 4327 834 4377 pp.
848 4313 888 4363 62.
924 4327 951 4377 p.
966 4314 1005 4364 15.

340 4407 415 4457 atos.
953 4409 984 4472 a)
1003 4407 1056 4460 cu.
1076 4389 1159 4474 sup'ra
1177 4409 1211 4460 N.
1231 4409 1270 4469 13,
1287 4404 1308 4458 o
1324 4409 1352 4460 et
1368 4421 1396 4461 a
