3208 5150
342 467 402 512 cir.
427 469 447 512 ι.
473 467 566 512 rruon
588 468 692 514 neruus
714 469 808 514 nourr
830 469 959 528 νεκειιιτ,
984 470 1045 516 eux.
1230 461 1268 520 lo

167 644 227 729 lt.
246 664 325 730 111.
346 649 477 736 Quoad
496 652 649 728 tertium
668 677 755 729 vero
773 677 891 752 genus
914 683 921 728 :

162 821 223 898 Ad
250 828 297 898 1Ῐῃ
316 823 364 900 R.
385 856 423 904 a.
442 824 536 900 Haec
557 824 693 901 divisio
714 825 946 927 apostolatus
968 826 1114 904 nonita
1138 827 1270 906 stricta

111 960 149 1032 et
166 959 349 1034 constans
367 962 460 1035 erat.
483 959 584 1035 Nam
602 963 639 1035 et
656 958 801 1036 Paulus
820 960 859 1035 in
877 960 955 1036 suis
973 959 1170 1038 itineribus
1193 961 1270 1040 fere

113 1091 258 1193 ubique
280 1092 408 1194 primo,
423 1093 568 1194 ludaeis
592 1093 832 1170 annuntiavit
855 1093 1105 1195 evangelium.
1132 1097 1270 1174 Petrus

113 1251 205 1303 voro
225 1231 265 1303 et
288 1227 453 1329 primum
475 1227 673 1328 gentilium
697 1226 915 1305 Cornelium
937 1225 976 1302 in
998 1226 1193 1304 ecclesiam
1211 1254 1268 1306 re·

111 1363 229 1464 repit,
254 1367 292 1439 et
314 1363 353 1438 in
376 1361 544 1440 Concilio
567 1361 822 1465 apostolorum
844 1362 899 1438 ita
919 1365 1060 1439 ceteros
1082 1361 1268 1441 allocutus

111 1503 169 1572 est
198 1528 206 1572 :
238 1535 254 1562 a
281 1497 364 1574 Viri
395 1499 545 1587 fratres,
577 1524 644 1574 vos
682 1498 786 1575 scitis
817 1497 995 1600 quoniam
1026 1499 1073 1575 ab
1102 1498 1267 1601 antiquis

116 1633 291 1710 -diebus
322 1635 423 1710 Deus
454 1635 494 1710 in
528 1633 634 1710 nobis
669 1634 783 1736 elegit
812 1659 878 1736 per
907 1658 948 1709 os
979 1657 1104 1708 meum
1135 1634 1266 1712 audire

116 1772 291 1868 -gentos
318 1767 475 1843 verbum
502 1766 688 1868 evangelii
715 1772 752 1844 et
777 1768 927 1844 credere
960 1803 975 1832 a
1011 1771 1061 1866 (1).
1092 1767 1268 1845 Ceterum

111 1915 143 1979 b.
157 1904 181 1979 J
185 1902 289 1979 udaei
308 1902 460 1979 exordio
478 1901 626 2004 imperii
645 1900 795 1979 Claudii
810 1926 946 2003 magno
960 1924 1117 1977 numero
1132 1901 1266 1980 Romae

110 2041 236 2126 erant,
257 2042 354 2115 teste
373 2037 492 2114 Dione
511 2036 642 2114 Cassio
661 2041 711 2136 (a).
730 2037 833 2124 Quos
852 2035 1003 2137 quidem
1016 2037 1108 2111 urbe
1122 2037 1266 2138 expulit

112 2173 323 2274 imperator
346 2172 410 2250 ille
431 2175 486 2270 (a),
511 2198 609 2250 auno
629 2198 726 2250 nono
749 2173 823 2263 vel,
847 2177 890 2249 ut
909 2172 979 2276 alii
1003 2173 1150 2262 volunt,
1175 2173 1264 2250 duo-

112 2309 259 2386 decimo
285 2307 344 2384 sui
366 2307 526 2410 imp'erii.
549 2308 621 2386 Sed
640 2312 783 2411 postea,
803 2309 863 2385 vel
884 2307 1043 2386 Claudio
1065 2309 1265 2409 superstite

113 2443 171 2517 vel
192 2445 347 2520 Nerone
365 2444 586 2545 imperante,
602 2443 711 2520 multi
730 2445 751 2521 J
756 2443 854 2521 udaei
874 2444 1038 2521 Romam
1057 2442 1265 2542 redieret),

113 2577 241 2678 ibique
272 2578 366 2655 satis
396 2605 526 2656 secure
560 2579 781 2656 habitabant
812 2583 848 2678 (a)
879 2610 886 2655 :
921 2579 1086 2654 undeet
1120 2577 1265 2654 Paulus

112 2711 280 2789 Romam
299 2712 452 2788 veniens
471 2738 600 2790 corum
618 2715 801 2816 primores
819 2713 1042 2790 convocavit
1060 2716 1110 2812 (a).

160 2899 222 2982 18.
247 2903 307 2978 Ad
334 2908 383 2980 2¹¹¹
407 2904 457 2982 R.
487 2905 613 3021 Hujus
638 2903 691 2980 rei
716 2905 866 3006 quidem
890 2929 964 2980 non
988 2903 1041 2978 ita
1066 2901 1262 3003 perspicue

114 3037 208 3113 ratio
232 3036 338 3112 reddi
360 3043 479 3139 potest
503 3043 554 3136 (·).
582 3041 695 3115 Forte
719 3040 857 3116 Petrus
880 3045 969 3115 tuuc
991 3036 1150 3113 amulto
1169 3040 1267 3138 tom-h

143 3311 172 3370 (ι)
185 3306 245 3358 Act.
262 3321 308 3359 xv.
321 3311 346 3359 7.
706 3334 718 3354 n
732 3310 828 3375 positas
840 3311 971 3384 pinguem
988 3306 1117 3360 nebulam
1134 3317 1264 3356 vomuere

142 3397 172 3462 (e)
184 3398 239 3457 Qui
257 3399 294 3449 de
305 3397 402 3462 primis
415 3398 523 3452 Claudii
535 3399 670 3452 institutis
705 3422 717 3442 n
731 3399 861 3469 lucernae.
877 3420 889 3440 κ

111 3499 213 3552 egeus:
229 3511 242 3532 u
257 3489 349 3548 Quum
363 3489 454 3540 Judaai
467 3489 525 3552 tait)
536 3491 604 3541 adeo
621 3490 669 3541 ite·
735 3490 766 3554 (a)
779 3487 837 3538 Act.
853 3499 947 3538 xxrrn.
963 3488 1002 3536 Π.

113 3593 197 3630 -rum
221 3581 322 3632 Romae
349 3581 506 3643 frequentes
526 3583 618 3633 essent
640 3583 671 3632 ut
734 3584 765 3644 (a)
784 3579 901 3638 Quidam
924 3575 1033 3626 adhoc
1057 3575 1085 3624 et
1106 3571 1162 3622 alis
1184 3583 1263 3634 argu·

113 3669 288 3720 *difficulter
315 3669 374 3720 sine
405 3671 526 3722 tumultu
555 3673 667 3736 propter
699 3661 1262 3732 mentenegativerespondentallegando

113 3781 123 3796 a
137 3760 344 3812 multitudinem
357 3761 423 3812 urbe
438 3763 552 3825 possent
567 3761 666 3824 arceri,
701 3759 837 3811 rationem
846 3755 1009 3822 prudentiae,
1019 3751 1139 3804 similem
1148 3749 1190 3799 illi
1202 3763 1262 3811 quae

114 3869 124 3882 -
138 3863 189 3900 nou
201 3851 284 3914 ejecit
293 3850 403 3912 quidem
415 3864 462 3902 eos
473 3865 479 3900 ι
490 3851 587 3916 patriis
600 3849 665 3916 legi·
700 3849 814 3900 Petrum
827 3847 917 3898 Rome
929 3843 1096 3895 scribentem
1108 3836 1218 3902 impulit
1231 3838 1262 3887 ut

115 3939 186 3989 ·bus
203 3941 290 3990 vitam
306 3938 457 3990 tolerantes
469 3939 553 3990 vetuit
568 3953 665 3990 coure—
701 3939 772 3988 bane
785 3937 882 3987 urbem
895 3931 1006 3984 nomine
1023 3925 1174 3992 Babplonis
1191 3923 1262 3974 desi-

114 4029 204 4080 -aire
220 4051 233 4072 υ
248 4027 322 4080 Hist.
336 4027 414 4080 Rom.
428 4028 446 4080 l.
462 4041 505 4079 ux.
703 4029 802 4092 gnaret
814 4025 879 4090 (Cir.
891 4021 1018 4088 eupreN.
1030 4021 1064 4080 4).
1078 4013 1197 4068 Omnino
1210 4013 1262 4063 sci-

144 4123 171 4178 (a)
183 4117 242 4168 dee.
257 4129 333 4168 xvnr.
347 4119 370 4168 2.
701 4115 767 4166 licet
779 4115 932 4166 curandum
941 4109 1027 4160 fuisse
1039 4108 1070 4156 ut
1082 4103 1196 4155 Petrum
1209 4101 1263 4153 Ro-

143 4211 171 4274 (a)
190 4211 269 4262 inter
286 4224 356 4274 quos
371 4209 471 4273 Aquila
487 4211 514 4260 et
530 4207 668 4260 Priscilla.
704 4221 756 4258 mae
766 4207 863 4258 adesse
873 4201 991 4256 ethnicis
1001 4211 1056 4248 non
1066 4193 1262 4248 innotesceret.

117 4295 189 4351 liora.
203 4313 258 4352 xvi.
273 4302 298 4352 3.
628 4284 632 4296 ⁴
702 4297 784 4360 idque
801 4299 872 4346 loric
888 4306 921 4344 ex
935 4287 998 4340 odio
1016 4283 1148 4346 concepto
1165 4280 1260 4329 adver·

144 4393 172 4454 (a)
183 4391 268 4444 'leste
284 4391 388 4442 Pensio
405 4391 461 4441 Sat.
475 4393 490 4441 ὖ
503 4406 509 4440 :
524 4411 536 4432 u
550 4389 669 4441 Herodis
702 4371 837 4438 sdsiilum
847 4373 1122 4450 proptercertamina
1132 4371 1261 4432 ejuscum

118 4499 128 4514 ·
141 4493 234 4531 venere
244 4481 314 4535 dies,
325 4480 464 4542 unctaque
478 4480 597 4529 fenestra
608 4478 669 4528 nis-
705 4477 816 4527 Simone
834 4487 923 4536 mago.
944 4469 1068 4526 Q¹¹0ffl¹¹²
1080 4455 1261 4510 ffll'ifl'l'inum
