3154 5134
467 416 548 462 conc.
570 417 736 464 annocum
758 420 802 464 sn.
828 405 897 466 265).
1194 409 1251 468 aba

100 574 167 675 qui
202 579 390 656 exorienti
418 582 630 659 Arianismo
661 584 816 686 aequalis
846 585 930 674 fuit,
963 611 1035 688 quo
1066 613 1173 664 nemo
1204 589 1250 665 iis

97 713 341 812 temporibus
371 717 551 793 eruditior
579 722 646 794 aut
674 719 887 820 diligentior
917 721 955 796 in
985 722 1248 822 impugnandis

97 843 278 937 Arianis
310 855 393 950 post
422 875 481 926 an.
515 855 587 928 358
612 853 799 952 significat
823 852 890 930 illa
909 854 1005 930 Acta
1026 855 1096 930 sihi
1121 855 1248 955 ignota

97 1002 182 1056 esse
208 985 263 1080 t).

146 1176 182 1240 b.
211 1167 374 1245 Etiamsi
401 1170 536 1271 aliquis
561 1174 671 1247 antea
694 1172 733 1247 in
754 1196 799 1248 ea
822 1171 1025 1260 incidisset,
1051 1171 1160 1248 facile
1183 1197 1244 1248 ex-

95 1299 237 1402 plicari
273 1307 393 1405 potest
417 1329 486 1381 cur
514 1329 558 1381 ea
587 1329 660 1381 non
686 1305 895 1406 protulerit.
929 1351 976 1360 -
1003 1306 1101 1382 Nam
1127 1303 1186 1380 vel
1212 1305 1244 1380 is

93 1437 267 1515 Arianus
297 1445 390 1528 erat,
423 1445 459 1518 et
483 1441 631 1518 videbat
657 1443 707 1518 ibi
737 1441 945 1519 doctrinam
971 1467 1078 1518 suam
1106 1441 1243 1518 diserte

94 1573 403 1665 condemnatam;
419 1575 574 1652 veterat
592 1575 822 1664 Catholicus
839 1580 875 1653 et
888 1577 1143 1653 offendebatur
1159 1601 1238 1652 con·

94 1705 338 1786 demnatione
355 1710 457 1786 vocis
475 1722 614 1802 ὀμοσύσιος
633 1715 643 1808 (
659 1713 683 1807 ).

141 1902 174 1950 c.
202 1870 347 1948 Contra
369 1897 456 1948 vero
483 1873 620 1974 optime
645 1871 868 1973 intelligitur
893 1872 1076 1973 quomodo
1100 1872 1241 1948 factum

96 2005 145 2080 sit
176 2010 222 2082 ut
251 2031 275 2082 a
306 2007 484 2083 Patribus
509 2006 719 2108 Ancyranis
750 2007 914 2108 primum
939 2007 1014 2082 sint
1043 2004 1236 2107 producta.

94 2138 286 2217 Videlicet
302 2157 344 2243 a)
362 2143 513 2244 Ancyra
525 2143 563 2219 in
576 2143 808 2220 Antiocheno
826 2141 1095 2220 Patriarohatu
1112 2145 1149 2216 et
1166 2167 1239 2218 non

95 2269 209 2373 longe
234 2274 281 2350 ab
303 2275 504 2351 Antiochia
527 2275 679 2352 civitate
700 2276 772 2352 sita
795 2280 889 2364 erat,
913 2300 956 2352 ac
978 2274 1130 2376 proinde
1148 2274 1237 2350 faci-

94 2404 167 2482 lius
189 2408 242 2485 ibi
269 2415 357 2486 nota
380 2437 459 2488 esse
482 2415 653 2513 poterant
670 2435 753 2512 quae
771 2411 817 2486 ad
835 2409 1107 2486 Antiochenam
1125 2407 1237 2484 ecole-

95 2540 190 2619 siam
209 2545 449 2646 pertinerent.
468 2547 659 2622 Praeterea
674 2560 719 2645 β)
737 2570 809 2648 quo
833 2545 974 2621 diutius
996 2543 1236 2644 agitabantur

94 2679 319 2773 quaestiones
345 2705 410 2780 per
439 2681 619 2755 Arianam
634 2679 849 2756 'doctrinam
871 2679 1055 2765 excitatae,
1084 2702 1126 2754 eo
1151 2675 1233 2752 dili-

94 2810 242 2906 gentius
273 2813 559 2912 requirebantur
584 2817 823 2890 monumenta
848 2812 945 2888 unde
971 2811 1030 2886 hae
1053 2810 1233 2886 elucidari

95 2947 277 3041 poterant.
298 2947 353 3022 Ac
370 2947 527 3048 denique
548 2962 592 3048 y)
611 2947 853 3024 Semiarianis
876 2972 950 3023 non
971 2951 1077 3023 erant
1094 2945 1232 3022 caedem

96 3081 258 3160 rationes
288 3065 383 3161 Acta
414 3085 552 3186 Synodi
584 3085 829 3160 Antiochense
858 3081 1117 3160 dissimulandi
1148 3105 1231 3182 quae

96 3213 300 3296 Catholicis
325 3225 361 3297 et
385 3221 550 3308 Arianis
579 3245 693 3322 quum
711 3225 748 3296 et
764 3219 835 3321 ipsi
853 3218 1060 3295 doctrinam
1078 3214 1231 3293 catholi-

96 3369 174 3426 cam
196 3353 347 3431 omnino
370 3355 575 3457 reciperent
602 3359 638 3432 et
661 3353 781 3431 solum
812 3354 1006 3453 rejicerent
1029 3351 1229 3428 terminum

98 3487 245 3565 tecleae.

145 3647 204 3730 16.
223 3654 354 3753 Neque
376 3654 514 3731 sufficit
530 3654 566 3728 id
590 3653 714 3755 ipsum
731 3652 949 3739 advertisse,
965 3653 1226 3728 documentum

98 3783 233 3865 scilicet
263 3789 361 3864 istud
392 3791 554 3867 maxime
583 3791 749 3892 ipsorum
784 3788 977 3866 sententiae
1010 3787 1149 3876 favere,
1185 3793 1228 3865 ut

127 4049 154 4103 ot
166 4047 195 4099 V.
210 4063 270 4114 sup.
283 4048 316 4098 N.
331 4051 354 4099 8.
676 4048 787 4099 difficile
808 4047 939 4112 explicari
960 4046 1047 4097 rideri
1070 4047 1158 4110 potest
1176 4059 1226 4096 cur

128 4137 156 4204 (²)
173 4143 231 4195 Imo
249 4158 344 4196 rursus
358 4145 405 4206 ‘hic
424 4145 577 4208 retorqueri
596 4159 644 4209 po·
677 4147 740 4195 ante
768 4157 813 4194 an.
841 4144 888 4194 358
916 4143 1013 4194 neutra
1040 4155 1162 4204 unquam
1190 4139 1225 4190 ad
1296 4201 1298 4206 Ι

99 4226 146 4278 test
161 4237 361 4299 argumentum.
380 4234 439 4284 Nisi
455 4236 527 4285 enim
543 4233 645 4285 adfuis—
679 4233 727 4284 illa
742 4232 905 4296 provocarit,
925 4245 1008 4294 quum
1026 4230 1176 4281 certissime
1197 4230 1225 4281 in

100 4318 230 4386 solariqua
239 4323 308 4374 ratio
316 4337 376 4386 quae
386 4324 641 4388 utramquepartem
674 4323 709 4373 iis
731 4321 861 4386 ageretur
884 4320 918 4370 de
940 4317 1065 4370 doctrina
1087 4317 1160 4369 cirea
1187 4318 1225 4368 di-

101 4413 291 4470 avroferendts
303 4413 346 4462 his
362 4413 436 4466 Actis
453 4414 640 4475 deterruisset,
675 4413 816 4464 vinitatcm
839 4411 948 4462 Christi.
