3154 5134
366 415 424 476 256
595 429 664 476 uss.
689 431 718 475 v.
742 429 776 476 os
798 429 941 478 contuor.
964 429 1043 478 unm
1065 430 1147 478 onor.
1171 431 1279 478 usum.

366 631 450 683 rum
476 611 631 710 apparet
660 606 727 684 illa
755 607 993 711 aprriano
1015 609 1180 709 potuisse
1209 607 1255 684 de
1283 608 1355 684 hoo
1386 631 1501 684 sacra-

365 748 488 820 mento
512 741 685 843 intelligi.
713 742 845 844 Itaque
869 746 1066 822 Minimus
1088 747 1126 844 (ι)
1151 750 1194 821 ut
1218 743 1315 820 hanc
1337 743 1503 820 labema

365 881 556 984 Cypriano
580 885 739 971 avertat,
765 883 888 960 citatis
911 886 951 982 (2)
969 883 1093 961 verbis
1116 881 1298 984 Cypriani
1317 881 1441 984 Epist.
1461 879 1501 955 ad

366 1019 494 1121 Steph.
521 1045 558 1094 n.
583 1024 598 1094 l
628 1047 635 1093 ε
664 1053 679 1082 α
706 1017 811 1094 Tunc
833 1019 934 1094 enim
964 1019 1112 1095 demum
1140 1017 1248 1121 plene
1278 1015 1500 1094 sanctificari

368 1159 442 1232 »et
475 1179 555 1232 esse
580 1136 656 1231 'filii
692 1155 761 1231 Dei
796 1159 971 1256 possunt,
1009 1157 1040 1233 si
1075 1161 1309 1234 sacramento
1344 1167 1502 1250 utroque

368 1297 621 1382 „nascantur
656 1319 742 1370 cum
777 1295 959 1397 scriptum
992 1295 1041 1380 sit
1074 1325 1081 1371 ε
1116 1295 1199 1372 Nisi
1234 1295 1318 1396 quis
1354 1297 1501 1371 renatus

367 1465 382 1494 n
404 1427 518 1505 fuerit
538 1453 584 1504 ex
610 1452 709 1529 aqua
729 1431 767 1505 et
792 1428 950 1532 Spiritu,
976 1454 1051 1506 non
1074 1433 1197 1532 potest
1215 1429 1374 1506 introire
1392 1428 1430 1504 in
1451 1451 1500 1501 re

367 1587 521 1664 sgnum
547 1563 615 1639 Dei
639 1567 716 1662 »(3)
742 1566 779 1639 et
802 1562 887 1640 aliis
905 1563 1090 1641 similibus
1116 1589 1162 1640 ex
1181 1563 1340 1665 epistola
1367 1563 1415 1640 aii
1440 1563 1500 1638 Ju-

333 1763 334 1768 ,
364 1699 542 1776 baianum
571 1723 609 1773 n.
642 1703 686 1774 21
724 1701 768 1795 (4)
799 1729 806 1772 :
842 1697 881 1775 S.
920 1698 1131 1800 Stephanus
1161 1697 1252 1796 (ait)
1288 1702 1325 1774 et
1363 1697 1427 1799 qui
1460 1693 1500 1770 ab

363 1833 428 1911 illo
454 1834 616 1921 stabant,
644 1831 713 1908 etsi
739 1832 925 1935 baptisma
950 1832 1214 1910 haeretieorum
1240 1836 1369 1909 ratum
1396 1830 1498 1906 habe

364 1968 467 2056 bant,
488 1967 701 2044 fatebantur
717 1971 844 2044 tamen
863 1966 1046 2068 Spiritum
1065 1966 1246 2044 Sanctum
1263 1965 1303 2040 in
1323 1959 1498 2067 ejusmodi

363 2101 547 2203 baptismo
569 2126 644 2178 non
662 2100 840 2190 oonferri;
867 2125 911 2177 ac
930 2101 1086 2202 proinde
1106 2099 1349 2176 redeuntibus
1369 2098 1416 2174 ab
1433 2095 1499 2171 hae

364 2237 437 2313 resi
454 2238 706 2314 necessarium
725 2261 805 2314 esse
823 2234 926 2314 aliud
951 2241 1241 2325 sacramentum,
1260 2240 1303 2313 ut
1321 2233 1498 2337 Spiritum

365 2371 545 2450 Sanctum
575 2373 800 2475 acciperent,
836 2397 947 2474 quem
980 2373 1020 2448 in
1054 2366 1188 2450 haeresi
1222 2371 1401 2472 consequi
1431 2390 1496 2443 nou
1554 2463 1555 2494 Ν

362 2511 573 2609 potuerant.
595 2508 678 2584 Hoc
696 2510 822 2584 autem
840 2509 1116 2584 sacramentum
1133 2509 1215 2583 erat
1237 2530 1373 2583 manus
1391 2503 1497 2602 impo-
1554 2507 1555 2551 t

363 2643 447 2721 sitio
471 2641 800 2745 inpoenitentium,
822 2642 903 2718 sive
924 2653 1212 2718 sacromentum
1234 2639 1492 2720 Poenitentioe,

362 2779 474 2879 quod,
497 2779 590 2853 teste
612 2776 816 2878 Cypriano,
837 2777 1021 2879 Spiritum
1039 2777 1220 2855 Sanctum
1237 2773 1495 2879 poenitentibus
1553 2841 1554 2880 ,

362 2912 516 2988 confert.
543 2913 641 2989 Nam
664 2912 761 2988 inter
782 2911 877 2988 alias
901 2937 1034 2989 causas
1064 2912 1199 3013 quibus
1224 2911 1408 2989 adductus
1434 2905 1496 3004 Cy·
1553 2889 1554 2937 i

362 3047 516 3149 prianus
539 3071 669 3148 pacem
694 3047 960 3148 poenitentibus
985 3051 1235 3136 concesserat,
1263 3047 1362 3124 hano
1385 3065 1497 3122 recen-

363 3184 431 3268 set,
452 3181 550 3282 quod
568 3205 717 3258 necesse
735 3182 884 3259 duxerit
901 3182 1124 3284 poenitentes
1144 3181 1191 3258 ad
1211 3181 1495 3284 persecutionem

363 3315 619 3394 sustinendam
648 3312 862 3419 praeparare
892 3321 928 3394 et
958 3316 1122 3418 Spiritus
1153 3313 1283 3393 Sancti
1314 3313 1420 3392 donis
1447 3311 1493 3384 in-

362 3454 518 3528 struere.
543 3487 559 3517 a
592 3452 750 3539 Quando
774 3456 899 3529 autem
927 3452 1139 3552 [Dominus]
1165 3451 1278 3540 dicat,
1304 3449 1439 3553 inquit,
1463 3445 1494 3518 in

364 3623 379 3652 n
401 3586 549 3664 traditis
573 3590 685 3690 atque
706 3587 745 3662 in
764 3586 995 3664 confessione
1012 3585 1174 3662 nominis
1191 3585 1404 3662 constitutis
1422 3579 1492 3682 Spi-

363 3757 379 3786 n
401 3721 516 3798 ritum
534 3721 663 3798 Patris
680 3721 796 3823 loqui,
816 3722 1000 3824 quomodo
1018 3724 1140 3824 potest
1162 3722 1209 3798 ad
1232 3720 1492 3799 confessionem

363 3858 554 3958 ”paratus
584 3858 652 3933 aut
680 3855 834 3932 idoneus
865 3855 1027 3932 inveniri
1058 3855 1122 3958 qui
1153 3880 1228 3932 non
1258 3854 1379 3956 prius,
1414 3869 1493 3953 pace

362 4023 378 4052 n
399 3991 564 4089 accepta,
584 3988 765 4090 receperit
787 3988 972 4091 Spiritum
993 3989 1135 4080 Patris,
1155 3989 1234 4092 qui,
1257 3988 1491 4066 corroborans

395 4325 429 4393 (ι)
439 4325 471 4378 Ρ.
485 4323 516 4380 L.
529 4327 549 4378 t,
563 4325 607 4379 IV.
621 4340 648 4391 p.
662 4325 702 4379 39.
981 4327 1012 4393 (s)
1023 4327 1149 4392 append.
1163 4341 1226 4394 pag.
1239 4319 1287 4381 54.

393 4431 423 4487 (a)
435 4425 541 4477 Praeter
553 4425 628 4477 locos
637 4439 720 4491 supra
730 4425 763 4476 N.
777 4429 792 4476 4
805 4425 913 4478 allatos.
982 4425 1145 4503 titnppend.
1158 4441 1221 4492 pag.
1234 4419 1280 4478 59·
