3170 5134
459 443 520 488 eor.
544 443 582 488 ιι.
606 440 642 488 ιιι
664 441 844 488 norrouurus.
1162 433 1219 491 ιιι5

94 605 285 708 alloquitur
308 604 446 682 fideles.
471 607 493 684 J
497 630 558 682 am
581 630 671 684 vero
693 606 827 683 Patres
851 605 1055 709 primorum
1078 608 1218 686 seculo-

94 764 180 830 rum,
205 741 268 818 ubi
294 739 460 818 ethnicos
490 741 747 843 alloquuntur,
776 741 885 817 silere
915 740 990 816 fere
1019 764 1217 818 consueve-

94 879 170 952 runt
196 876 240 953 de
269 875 414 977 Spiritu
436 875 584 954 Sancto.
615 874 723 952 Unde
748 899 882 977 parum
907 874 1054 977 proficit
1080 875 1215 954 Oruice

94 1009 171 1084 dum
193 1012 229 1106 (1)
252 1009 418 1087 affirmat
443 1010 552 1086 fidem
578 1010 617 1085 in
645 1009 827 1111 Spiritum
855 1010 893 1086 S.
915 1011 996 1110 jam
1022 1009 1112 1086 satis
1136 1036 1216 1113 per-

95 1144 206 1243 spicue
233 1167 447 1245 expressam
473 1168 552 1219 esse
578 1143 676 1246 apud
703 1143 842 1244 primos
873 1142 1024 1230 Patres,
1053 1143 1098 1219 iis
1124 1143 1215 1222 loeis

95 1275 220 1353 scilicet
236 1276 299 1352 ubi
318 1300 439 1352 sermo
457 1300 585 1352 corum
604 1275 781 1376 dirigitur
797 1276 845 1352 ad
864 1274 1000 1351 fideles.

138 1459 199 1542 69.
225 1463 283 1538 Ad
313 1467 380 1538 2²¹⁰
407 1461 455 1540 R.
487 1493 526 1540 a.
553 1461 636 1548 Quo
661 1461 748 1562 jure
777 1459 814 1537 id
840 1459 1028 1536 affirmare
1053 1461 1215 1562 potuerit

96 1597 215 1676 Cruioe
231 1599 323 1678 satis
341 1597 532 1698 colligitur
548 1623 594 1674 ex
613 1595 850 1700 responsione
867 1595 1030 1697 generali
1049 1595 1137 1673 data
1153 1620 1214 1672 su-

95 1757 153 1831 pra
167 1739 214 1831 (ι).

133 1919 162 1982 o.
175 1853 374 2006 speciatim
386 1908 525 1992 autem,
541 1901 753 2004 opinionem
766 1925 849 2001 quae
863 1899 1045 2001 Spiritum
1058 1899 1097 1976 S.
1114 1899 1212 2000 prin·

94 2037 217 2135 cipium
242 2039 457 2115 loemineum
488 2037 591 2126 facit,
624 2036 760 2112 diserte
788 2035 902 2112 refert
929 2039 1059 2112 auctor
1088 2040 1213 2112 noster

96 2167 153 2246 IX.
175 2178 217 2248 13
234 2177 283 2271 (ι).
305 2173 380 2251 Ubi
398 2173 511 2250 etiam
529 2170 633 2248 illam
650 2169 783 2248 tribuit
799 2167 1025 2246 Elohasoitis
1043 2171 1093 2266 (ι).

134 2363 162 2410 c.
188 2332 241 2408 De
265 2331 482 2410 commentis
509 2328 672 2408 Simonis
698 2327 803 2428 Magi
827 2326 926 2403 circo
957 2323 1140 2426 Spiritum
1169 2326 1208 2403 S.

96 2463 165 2561 ogit
185 2473 310 2543 auctor
327 2467 470 2542 Plo'loe
491 2464 558 2539 VI.
585 2469 628 2539 19
650 2464 699 2562 (5).
722 2462 799 2538 Nec
825 2459 1027 2561 quidquam
1049 2457 1210 2560 amplius

25 2663 26 2668 a
96 2593 133 2669 de
155 2596 198 2672 iis
226 2599 389 2675 referunt
414 2599 579 2674 lrenaeus
603 2597 640 2693 (o)
662 2597 699 2672 et
722 2592 969 2696 Epiphanius,
997 2591 1060 2692 qui
1086 2599 1211 2668 tamen

25 2817 26 2838 ξ
96 2728 174 2804 satis
190 2729 267 2808 fuse
283 2732 363 2833 agit
379 2731 424 2808 de
441 2732 591 2810 Simone
610 2729 713 2806 Haer.
734 2735 776 2806 21
799 2733 849 2827 (ι).

25 2877 26 2880 l
135 2915 169 2978 o.
190 2899 317 2987 Quoad
342 2902 502 2978 Noetum
526 2903 665 2988 autem,
691 2922 810 3000 neque
831 2898 870 2973 in
895 2900 1059 2973 tractatu
1081 2899 1211 2972 contra

96 3035 163 3133 ejus
179 3038 348 3115 haeresim
365 3037 482 3114 ullum
510 3037 708 3141 specialem
731 3060 894 3113 errorem
912 3035 1011 3111 circa
1028 3034 1211 3135 Spiritum

98 3167 258 3248 Sanctum
275 3173 346 3275 ipsi
363 3172 510 3274 affingit
527 3169 768 3274 Hippolytus.

136 3363 165 3410 e.
185 3332 351 3434 Denique
376 3357 450 3410 nou
477 3332 616 3408 mirum
645 3334 702 3407 est
726 3335 917 3408 auctorem
944 3332 1112 3404 nostrum
1138 3351 1212 3403 non

98 3488 164 3542 esse
178 3466 338 3546 locutum
355 3468 400 3544 de
417 3467 605 3544 erroribus
624 3464 776 3545 Sabellii
799 3464 900 3539 circa
917 3460 1097 3563 Spiritum
1118 3459 1210 3536 San-

98 3605 197 3691 ctum,
210 3628 323 3705 quum
340 3626 483 3679 errores
502 3598 654 3679 Sabellii
668 3622 850 3701 exponere
862 3594 1011 3672 omnino
1029 3591 1208 3670 omiserit.

124 3883 148 3944 (Ι)
157 3883 216 3938 Loc.
229 3887 274 3938 cit.
659 3883 696 3934 tls
712 3881 805 3945 eliqua
820 3893 853 3930 ex
864 3879 943 3944 parte
960 3877 1105 3929 convenire
1119 3879 1212 3928 monet

124 3973 241 4037 (ι)Ν.67.
661 3973 832 4039 Epiphanius
842 3968 1003 4022 inlndlculo
1013 3970 1123 4034 praefluo
1133 3969 1209 4020 liul.

125 4069 149 4129 ιι)
159 4069 204 4120 eit.
214 4073 334 4137 Appeud.
348 4085 410 4138 pag.
421 4067 461 4128 17.
661 4071 729 4122 Tem
742 4070 778 4120 ll.
792 4084 818 4120 n.
834 4070 863 4120 10
880 4068 922 4130 (Ρ.
936 4068 968 4118 G.
982 4070 1002 4118 t.
1015 4066 1086 4118 XLI.
1103 4081 1128 4131 ρ.
1142 4067 1210 4126 2831,

124 4159 148 4216 l⁴l
165 4157 239 4210 Unde
258 4161 345 4213 obiter
364 4163 560 4214 advertendum
582 4177 624 4212 er·
695 4169 729 4222 (ι)
742 4160 774 4211 P.
787 4159 819 4211 G.
833 4163 852 4210 ι.
873 4157 946 4209 XVI.
960 4159 1030 4222 part.
1048 4169 1084 4206 ιιι.
1098 4171 1124 4220 p.
1138 4157 1210 4207 3223.

101 4251 161 4297 russo
178 4248 269 4302 Crulre
287 4251 350 4301 dum
370 4251 447 4302 illam
471 4251 628 4316 opinionem
695 4251 725 4315 (ι)
742 4249 812 4301 Ado.
830 4245 1048 4310 Hoer.1.23(1³.
1065 4245 1095 4296 G.
1114 4246 1134 4294 t.
1148 4243 1210 4295 Vll.

101 4330 245 4397 singularem
257 4340 340 4393 luisse
349 4341 541 4392 Ebionitarum
552 4353 627 4392 asse-
662 4355 688 4405 p.
701 4341 769 4402 670).

101 4421 153 4472 luit.
165 4425 283 4479 Celerum
295 4429 431 4483 Elcesaeos
442 4443 505 4481 cum
518 4429 629 4483 Ebioni·
697 4429 728 4494 (ι)
741 4428 773 4478 P.
788 4426 818 4476 G.
833 4431 852 4476 ι.
866 4423 938 4475 XLI.
949 4437 975 4488 p.
986 4424 1034 4472 285
1046 4435 1104 4492 spo.
