3208 5150
324 424 386 469 ιιι.
410 424 440 469 ιι.
463 422 538 478 ocor
558 421 646 470 muns
667 420 773 470 errans
795 421 878 469 nora
899 421 1025 468 sennan.
1205 413 1243 472 55

93 599 279 664 autorum
293 610 376 688 cap.
393 591 428 662 2.
449 586 505 664 ait
522 587 693 677 Petrum,
713 611 799 664 oum
807 587 890 689 Jam
908 588 1009 667 Nero
1026 587 1240 692 imperaret,

48 718 53 793 i
93 721 263 800 Romam
297 719 458 810 venisse,
490 745 574 822 quae
603 719 729 823 opinio
761 746 851 799 vero
886 722 1045 801 similior
1078 725 1239 806 videtur.

47 826 52 907 i
93 853 229 953 Neque
248 851 350 926 enim
371 849 410 926 in
433 850 679 953 chronologia
704 853 905 932 Pontificio
922 855 1083 934 Eusebio
1105 883 1244 962 magna

92 988 184 1065 fides
211 986 446 1064 habenda...
472 987 638 1065 Praestat
659 987 721 1065 hic
740 989 927 1068 Lactantii
950 991 1055 1070 citati
1073 993 1188 1074 verba
1204 994 1244 1072 in

43 1180 49 1263 Ι
93 1125 266 1202 medium
291 1123 427 1201 afferre
461 1155 468 1199 :
501 1161 516 1189 a
544 1125 715 1227 Apostoli
744 1150 811 1228 per
840 1150 957 1204 annos
982 1131 1031 1204 25
1054 1130 1243 1230 usquead

32 1266 49 1329 .;
95 1298 110 1326 η
131 1258 367 1363 principium
391 1260 598 1338 Neroniani
620 1261 769 1364 imperii
792 1287 859 1364 per
880 1287 1007 1340 omnes
1028 1264 1243 1366 provincias

43 1356 48 1463 i
96 1399 172 1473 aet
193 1395 370 1472 civitates
387 1393 554 1472 ecclesiae
579 1394 823 1474 fundamenta
847 1396 1042 1476 miserunt.
1072 1397 1244 1501 Cumque

26 1581 30 1586 -
97 1569 111 1592 .
129 1535 216 1636 jam
233 1534 334 1610 Nero
343 1505 565 1635 imperaret,
578 1533 717 1610 Petrus
727 1533 891 1612 Romam
904 1533 1069 1624 advenit,
1085 1539 1122 1613 et
1135 1534 1244 1613 editis

40 1695 45 1741 ι
96 1703 111 1731 a
133 1665 364 1768 quibusdam
381 1665 587 1755 miraculis,
603 1691 687 1769 quae
700 1667 841 1746 virtute
854 1667 972 1770 ipsius
987 1669 1056 1746 Dei
1070 1668 1159 1748 data
1171 1670 1243 1747 sibi

39 1782 45 1917 Ξ
96 1804 179 1880 aab
189 1827 237 1879 eo
251 1806 433 1904 potestate
443 1802 618 1894 faciebat,
632 1806 819 1883 convertit
831 1804 968 1883 multos
981 1807 1028 1883 ad
1037 1807 1241 1908 just'tiam,

39 1928 43 1993 !
97 1977 111 2006 a
135 1941 295 2042 Deoque
311 1939 493 2044 templum
510 1940 619 2019 fidele
636 1967 680 2019 ac
698 1942 832 2020 stabile
852 1943 978 2044 posuit
997 1981 1012 2012 n
1035 1948 1084 2044 (ι).
1107 1945 1166 2024 Ex
1183 1948 1242 2024 his

18 2143 20 2145 ,
94 2075 238 2178 viginti
263 2075 428 2177 quinque
444 2077 566 2185 annia,
593 2075 658 2177 qui
679 2076 727 2154 ad
749 2077 1052 2179 praedicationem
1074 2079 1243 2157 omnium

95 2212 357 2316 apostolorum
387 2237 433 2288 ex
462 2238 569 2315 aequo
599 2213 800 2316 pertinent,
828 2217 911 2291 orta
938 2212 1089 2291 videtur
1118 2214 1243 2316 opinio

35 2418 38 2433 ‚
94 2348 207 2426 <1025
226 2347 335 2425 annis
353 2348 417 2449 qui
434 2347 549 2449 vulgo
566 2348 786 2425 tribuuntur
809 2347 847 2426 S.
870 2349 985 2424 Petro
1003 2347 1042 2423 in
1060 2346 1146 2424 sede
1164 2347 1241 2426 Ro-

33 2547 34 2554 ,
95 2507 222 2560 mana.
257 2483 325 2582 [4⁰]
357 2481 432 2569 Qui
462 2480 622 2559 Olaudio
651 2481 859 2584 imperante
889 2481 1047 2558 Petrum
1077 2479 1240 2558 Romam

94 2617 245 2693 venisse
267 2615 418 2706 volunt,
444 2616 631 2719 duplicem
654 2622 842 2720 coguntur
864 2615 1132 2719 prosectionem
1161 2617 1242 2717 ejus

95 2752 132 2827 in
156 2752 305 2840 urbem,
330 2755 367 2829 et
389 2750 527 2854 duplex
548 2754 628 2854 ejus
646 2777 733 2829 cum
751 2752 903 2830 Simone
921 2774 1031 2851 mago
1053 2753 1242 2827 certamen

95 2887 345 2976 comminisci,
376 2886 497 2988 primo
523 2886 680 2989 quidem¹
698 2885 929 2988 temporibus
960 2880 1124 2970 Claudii,
1155 2881 1241 2958 dein

95 3021 311 3123 principatu
335 3021 513 3110 Neronis;
534 3022 632 3124 quod
654 3025 779 3099 tumen
798 3018 943 3098 anullo
967 3021 1136 3094 veterum
1157 3041 1241 3119 pro-

28 3226 31 3243 ,
96 3151 230 3229 ditum.
254 3189 270 3218 a
288 3153 348 3231 lta
364 3155 521 3232 Pncms.

26 3349 27 3352 '
146 3340 185 3426 5·
202 3345 348 3421 Verum
369 3345 450 3446 ejus
473 3348 697 3445 argumenta
720 3369 794 3420 non
818 3343 872 3419 ita
895 3336 1046 3416 difficile
1067 3336 1243 3415 videntur

96 3475 189 3554 solvi
209 3502 330 3579 posse.
353 3476 543 3554 Nimirum

20 3710 25 3721 ¹
96 3724 227 3778 crunnus
241 3721 446 3776 Alexandrinus
460 3721 560 3775 Strmn.
572 3723 618 3776 Vl.
636 3727 652 3776 5
685 3723 812 3776 habiliter
827 3723 941 3776 monent
956 3719 1027 3774 Cave
1039 3721 1066 3771 et
1077 3719 1167 3772 Grabe
1182 3719 1242 3774 hoec

96 3822 163 3866 extr.
183 3837 196 3858 a
216 3815 370 3879 Propterea
389 3813 456 3864 dicit
475 3813 575 3864 Petrus
592 3813 649 3865 Do·
683 3815 834 3877 verbapost
846 3813 985 3863 duodecim
1001 3822 1089 3860 annor
1106 3821 1163 3860 non
1178 3823 1242 3860 cum

99 3903 229 3954 *minum
246 3901 350 3954 dixisse
368 3901 501 3966 apostolia
519 3918 525 3952 :
543 3901 573 3954 si
591 3902 652 3965 quis
685 3902 915 3966 praecedentibus,
928 3899 976 3954 sed
988 3911 1051 3950 cum
1063 3897 1242 3961 sequentium

99 4012 111 4034 n
123 4005 189 4058 ergo
197 3991 302 4044 velitcx
312 3989 399 4042 Israel
409 3991 471 4042 duci
479 3991 651 4056 poenitentia,
681 3991 823 4057 jungenda
834 4004 904 4042 osse.

100 4103 111 4118 ν
124 4083 150 4131 et
161 4083 277 4147 propter
287 4093 388 4132 nomen
399 4093 490 4131 meum
499 4080 613 4132 credere
625 4081 653 4131 in
719 4082 748 4144 (1)
758 4081 791 4132 P.
802 4081 833 4132 L.
844 4083 863 4131 t.
874 4077 935 4130 Vll.
944 4092 974 4143 p.
983 4077 1039 4127 195.
1051 4101 1081 4111 -
1093 4073 1129 4124 nt
1138 4073 1168 4124 ln
1179 4087 1242 4125 con-

100 4189 111 4208 a
124 4169 223 4230 Deum,
235 4169 414 4220 remittentur
424 4169 450 4220 ci
465 4170 579 4234 peccata
589 4171 652 4234 post
685 4170 869 4221 firmationem
886 4165 986 4220 adduci
1002 4162 1119 4229 possunt
1137 4160 1242 4213 Catale-

101 4257 269 4310 ·du0decim
296 4271 392 4309 annos.
422 4257 594 4322 Egrcdlmini
622 4258 652 4309 in
684 4273 736 4322 oua
748 4258 847 4310 Felicis
864 4255 882 4308 Ι
886 4255 966 4307 Vaeu
979 4251 1061 4304 Liber
1072 4249 1242 4312 Pcrur'ficalia

102 4369 113 4386 ·-
125 4349 268 4407 mundum,
279 4360 313 4399 ne
325 4348 387 4410 quis
399 4346 473 4399 dicat
484 4363 491 4398 ι
504 4347 568 4399 Νοιι
579 4349 654 4398 audi·
688 4349 735 4400 ubi
746 4348 850 4415 legitur
862 4363 868 4399 :
881 4367 894 4389 a
905 4346 1004 4396 Petrus
1012 4343 1154 4406 ingressus
1164 4343 1205 4390 est
1214 4341 1242 4392 iu

104 4434 652 4500 uvimus³·(P.u.t.1x.p.2oa).Uuipro-
687 4439 784 4490 urbem
798 4438 913 4490 Romam
928 4434 1037 4485 Nerone
1050 4429 1167 4480 Oaesare.
1181 4449 1193 4470 n
