3132 5140
261 500 326 544 cua
351 499 388 543 ru.
412 499 446 544 ue
468 499 586 554 nsoun
608 497 837 544 corrumpimus
861 500 885 544 s.
910 500 1054 544 rourum.
1173 485 1231 543 203

78 666 123 742 ad
161 671 271 742 recte
310 664 542 740 sentiendum
576 665 760 742 adducere
784 667 983 752 conantur,
1017 665 1079 739 ubi
1105 669 1231 741 autem

78 800 297 902 pertinaces
327 823 388 875 eos
413 798 673 901 compererint,
702 798 857 876 solemni
888 797 1070 875 sententia
1100 799 1147 875 ab
1173 823 1229 874 ec·
1318 877 1322 884 ,

78 939 197 1018 clesia
217 938 464 1034 rescindunt(
482 941 505 1036 ).

129 1110 171 1191 3.
199 1128 257 1191 11.
287 1108 386 1185 Eum
411 1106 576 1184 traducit
598 1111 792 1208 tamquam
821 1105 1017 1182 haereticas
1041 1105 1230 1181 doctrinas

79 1249 311 1352 professum.
329 1291 376 1300 -
390 1243 490 1322 Satis
503 1241 666 1319 difficilis
684 1246 739 1319 est
754 1241 814 1318 hic
826 1241 931 1318 locus
944 1241 983 1316 in
1001 1243 1105 1317 textu
1120 1265 1230 1341 quem

79 1386 283 1470 habemus
299 1403 415 1483 quum
432 1378 482 1454 ibi
500 1377 541 1453 in
553 1377 681 1453 eadem
694 1375 824 1478 phrasi
839 1377 876 1474 (a)
889 1373 1036 1450 dicatur
1050 1371 1230 1451 Callistus

79 1518 295 1596 asseruisse
317 1515 473 1590 Patrem
498 1536 614 1588 unam
636 1536 716 1586 esse
740 1533 937 1612 personam
953 1532 1040 1584 cum
1063 1507 1174 1594 Filio,
1195 1513 1232 1584 et

80 1653 218 1730 statim
249 1652 333 1751 post
358 1648 544 1724 referatur
572 1646 723 1722 omnino
749 1642 1091 1721 contradictorium.
1122 1643 1229 1730 Quod

80 1787 179 1863 forte
212 1781 394 1884 explicari
425 1783 545 1882 potest
575 1779 814 1882 supponendo
846 1777 1108 1880 Hippolytum,
1140 1777 1229 1853 dum

79 1922 134 1998 ait
149 1917 357 1997 Callistum
374 1916 543 1992 docuisse
565 1951 580 1980 u
601 1915 698 1992 hanc
716 1937 926 2017 personam,
943 1938 1058 2015 quum
1071 1938 1148 1990 una
1165 1915 1227 2001 sit,

81 2081 157 2131 non
181 2077 292 2156 posse
317 2075 397 2127 esse
419 2050 527 2138 duaS,
548 2054 584 2127 et
602 2051 756 2127 Patrem
782 2073 1018 2150 compassum
1041 2073 1120 2125 esse
1143 2073 1229 2124 cum

80 2191 198 2280 Filio,
222 2228 238 2256 ε·
261 2215 334 2265 non
360 2192 438 2264 tam
457 2189 576 2290 ipsam
594 2189 675 2289 ejus
699 2187 908 2265 doctrinam
926 2185 1098 2263 retulisse
1115 2211 1228 2288 quam

81 2329 118 2405 id
144 2328 246 2430 quod
271 2325 342 2402 sibi
366 2351 412 2401 ex
431 2297 508 2403 ¹hac
534 2326 706 2404 doctrina
731 2326 843 2425 (circa
866 2325 1229 2403 consubstantialita-

78 2469 156 2538 tem
177 2462 374 2562 utriusque
396 2465 574 2562 personae)
593 2463 800 2539 necessario
822 2463 997 2564 consequi
1015 2461 1223 2539 videbatur.

78 2598 152 2674 Vel
185 2597 279 2674 forte
301 2597 554 2674 emendandus
579 2602 635 2672 est
659 2600 783 2675 textus
815 2600 864 2696 (a).
892 2597 1068 2675 Ceterum
1098 2620 1144 2672 ex
1167 2622 1224 2686 e0,

80 2735 197 2812 etiam
215 2735 313 2811 siout
326 2759 425 2810 nunc
433 2735 547 2835 jacet,
568 2733 658 2810 satis
680 2733 919 2810 manifestum
937 2735 993 2808 est
1011 2730 1224 2820 Callistum,

80 2869 180 2944 sieut
197 2868 465 2970 Zephyrinum,
485 2867 667 2956 docuisse,
688 2871 724 2944 et
744 2867 884 2944 Filium
912 2893 984 2943 non
1011 2891 1091 2942 esse
1115 2869 1227 2943 uliud

77 3028 100 3079 a
122 3007 241 3082 Patre
264 3011 302 3083 et
320 3006 475 3082 Patrem
493 3030 566 3082 non
593 3029 673 3081 esse
690 3029 843 3107 passum
865 3029 983 3105 neque
1008 3027 1123 3079 unam
1146 3028 1225 3104 per-

77 3165 211 3218 sonam
228 3166 315 3218 cum
333 3141 443 3216 Filio.

129 3319 172 3400 4.
184 3322 280 3398 Aliae
298 3322 555 3399 accusationes
570 3320 769 3423 Hippolyti
783 3323 984 3396 versantur
997 3319 1098 3394 circa
1114 3319 1223 3396 disci-

77 3459 221 3559 plinam
243 3457 548 3544 ecclesiasticam,
574 3480 687 3558 quam
714 3481 737 3532 a
763 3454 920 3533 Callisto
946 3456 1224 3557 pessumdatam

78 3615 160 3668 esse
177 3591 377 3670 contendit.
399 3590 585 3668 Videlicet

109 3887 138 3946 (ι)
149 3884 226 3943 Quod
237 3887 329 3938 autem
339 3887 472 3938 asseritur
487 3889 521 3938 ab
534 3887 634 3953 Hippo·
670 3889 721 3940 iste
745 3903 800 3940 non
824 3889 903 3940 facile
924 3889 1087 3940 conciliatur
1103 3903 1164 3940 cum
1189 3889 1222 3938 iis

78 3972 144 4036 luo,
163 3973 248 4038 ipsius
268 3977 373 4028 scilicet
396 3979 469 4028 metu
488 3977 633 4029 Callistum
668 3971 821 4043 quaepaulo
834 3979 1082 4040 infrareleruntur‚
1095 3976 1220 4027 ublPon·

78 4063 633 4130 devenisseuddamnandumSabellium,
668 4069 734 4119 tifex
774 4069 876 4120 dicitur
915 4069 1102 4121 adversarium
1142 4081 1221 4117 suum

78 4151 145 4201 satis
161 4152 293 4205 absonum
311 4157 426 4219 apparot
440 4171 448 4205 :
460 4169 523 4206 nam
540 4157 630 4222 potius
665 4157 759 4220 aperte
772 4171 866 4209 corum
879 4157 979 4222 populo
996 4156 1135 4208 ditheismi
1151 4155 1219 4206 iusi·

78 4252 140 4289 eum
164 4240 259 4293 timore
282 4245 389 4307 poterat
412 4245 542 4297 Callistus
568 4249 631 4298 ante
665 4247 794 4298 mulasse.

78 4343 157 4380 snam
172 4330 341 4395 electionem,
359 4349 415 4386 non
432 4337 524 4387 aulem
541 4337 588 4387 ubi
605 4337 633 4386 id
700 4337 729 4400 (el
740 4335 844 4390 Philos.
857 4339 905 4390 lX.
918 4339 947 4387 12
956 4337 1027 4388 med.
1039 4336 1117 4400 (App.
1128 4350 1153 4399 p.
1163 4333 1219 4394 481.

78 4420 162 4480 quod,
180 4421 327 4474 secundum
346 4423 535 4490 Hippolytum,
548 4440 630 4477 vona·
698 4427 728 4490 (a)
745 4425 805 4476 Vid.
826 4428 866 4478 La
883 4427 938 4478 Hm
951 4423 1064 4484 (Etudes
1086 4425 1220 4491 Tornom-

79 4509 162 4560 batur
177 4515 317 4566 assecutus
330 4516 380 4566 est.
394 4515 536 4567 Praeterea
548 4517 637 4568 metus
670 4529 745 4578 uices,
758 4517 824 4569 tom.
839 4517 884 4569 cit.
898 4529 960 4580 pag.
974 4517 1030 4567 292.
1046 4519 1121 4576 nott
