3180 5134
330 401 369 460 δῦ
818 416 934 466 sensns.
960 405 997 460 n.

331 586 424 651 oitcr,
437 583 600 638 historiam
608 579 641 638 S.
654 581 828 653 Hippolyti,
839 583 872 642 S.
885 583 1000 641 Aureae
1009 588 1039 640 et
1052 585 1188 640 otiorum
1200 581 1391 642 Sanctorum
1399 584 1485 643 Mor

332 687 439 750 tyrum
460 696 529 736 estro
545 683 650 736 eadem
661 681 794 736 historia
807 695 1029 746 consororum,
1048 682 1148 735 simili
1164 693 1253 735 usam
1272 695 1336 736 esse
1354 682 1486 750 fortuna

225 809 228 824 ·
332 791 426 846 poam
445 777 564 832 subiere
582 773 665 831 Aeto
684 779 750 832 otio
768 780 945 846 induruere,
966 779 1001 830 in
1021 776 1130 845 quibus
1150 778 1247 832 etiam
1267 781 1342 831 tunc
1360 779 1485 845 quoredo

332 875 466 944 fortasse
479 888 587 929 oerum
600 878 747 941 narrant,
760 875 876 930 dubites
890 889 932 930 cn
946 877 1074 945 firmum
1082 875 1193 942 pedem
1205 875 1293 945 figas,
1314 889 1357 929 on
1371 877 1407 928 in
1421 877 1485 930 tuto

334 971 462 1028 doci-cos.
486 995 499 1018 n
524 969 637 1040 Resirt
659 971 769 1026 deinde
785 971 868 1028 Acta
890 974 992 1026 letina
1010 985 1052 1026 eoo
1074 985 1130 1026 ms.
1152 969 1337 1043 trevirensi,
1359 975 1396 1027 in
1419 975 1486 1042 qui·

332 1068 385 1122 bus
399 1069 463 1138 hoco
469 1070 628 1137 proem‘puc
640 1070 747 1124 notari
753 1073 894 1137 possunt.
913 1067 985 1137 Cap.
1002 1070 1023 1122 l.
1040 1081 1071 1124 n.
1084 1068 1102 1122 5
1117 1087 1123 1122 :
1141 1089 1154 1112 u
1171 1067 1244 1122 Erat
1256 1068 1357 1124 autem
1369 1068 1401 1124 in
1415 1070 1484 1126 civi·

279 1179 283 1194 ¹
332 1161 395 1217 tute
419 1163 529 1246 Hostes
551 1164 705 1234 episcopus
725 1166 843 1220 nomine
866 1165 1018 1234 cyriacus,
1101 1177 1170 1218 eum
1193 1163 1402 1222 sacerdotibus
1425 1164 1486 1222 suis

332 1258 474 1324 Maximo,
498 1259 624 1315 Eusebio
646 1259 676 1315 et
699 1261 861 1317 concordio
883 1257 1097 1331 presbyteris...
1121 1283 1134 1306 η
1155 1257 1196 1314 m
1216 1273 1282 1329 cap.
1306 1263 1340 1318 ll.
1363 1277 1397 1317 rc.
1421 1262 1484 1316 17:

334 1376 348 1398 u
364 1356 459 1417 Quam
471 1347 619 1419 [Auream]
632 1355 737 1413 beatus
750 1361 886 1414 Nonosus
899 1357 1028 1426 collegit,
1043 1355 1093 1426 qui
1114 1355 1204 1412 etium
1222 1357 1357 1427 Ypolitus
1371 1373 1484 1414 nuncu·

333 1453 432 1524 pstur,
447 1455 477 1511 et
496 1457 656 1513 cumomni
674 1457 827 1528 diligentia
845 1458 981 1528 sepelivit
998 1461 1028 1513 in
1048 1457 1158 1527 praedio
1174 1458 1249 1528 ejus,
1269 1458 1321 1514 ubi
1333 1457 1486 1517 habituve·

333 1549 391 1605 rat.
410 1575 423 1596 n
437 1550 642 1621 Nequaquam
656 1557 759 1609 autern
772 1555 932 1610 iudicatur
950 1552 1139 1623 Hippolytus
1151 1554 1249 1623 fuisse
1262 1557 1435 1626 episeopus.
1451 1585 1485 1594 —

332 1644 415 1701 Acta
430 1662 533 1716 proedo
550 1664 633 1716 pero,
653 1664 786 1717 quorum
803 1651 1011 1707 Botldodioni
1024 1651 1171 1730 habebunt
1184 1653 1306 1706 tontum
1325 1650 1486 1722 trapideu-

333 1745 400 1797 tum
412 1746 548 1814 aliquod,
561 1747 659 1801 edidit
671 1745 780 1802 Simon
793 1762 831 1803 us
846 1750 1017 1804 Msonsrms
1031 1752 1061 1802 et
1074 1761 1113 1802 eoo
1125 1762 1159 1804 eo
1172 1745 1283 1818 Miyoc
1299 1745 1343 1818 (l).
1359 1747 1485 1804 Parum

334 1840 513 1908 discrepant
525 1843 562 1896 ab
571 1841 660 1897 Actis
674 1845 794 1910 latinis,
806 1859 874 1912 pute
884 1858 923 1900 eoo
936 1845 1133 1899 eis'oidcntur
1146 1844 1314 1912 desumpta.
1329 1841 1380 1898 Ibi
1389 1845 1485 1899 etitem

334 1937 491 2005 episcopus
517 1935 667 1994 Ostiensis
690 1941 806 1994 dicitur
832 1938 1007 2001 Quiriacus.
1032 1938 1079 1995 De
1100 1937 1270 2007 Hippolyto
1293 1940 1399 1993 autem
1424 1939 1487 1994 boec

329 2050 435 2103 pauca
446 2038 555 2093 babent
566 2035 602 2107 (2)
613 2057 621 2093 :
634 2037 768 2093 «Eodem
781 2038 829 2094 die
842 2037 964 2093 audiens
978 2037 1033 2092 hoo
1043 2037 1146 2092 beatus
1160 2035 1335 2106 Hippolytus
1346 2050 1441 2092 senex
1450 2031 1485 2106 (s)

334 2134 442 2190 obtulit
458 2150 491 2190 se
510 2135 540 2190 in
559 2136 749 2205 conspectum
773 2136 900 2202 Romuli,
921 2137 969 2191 cui
989 2137 1032 2191 itu
1050 2149 1123 2191 voce
1142 2132 1365 2190 obrodunt...
1388 2134 1485 2189 lrutus

333 2232 480 2287 Romulus
491 2233 641 2302 proecepit,
656 2232 690 2288 ut
703 2233 825 2302 pedibus
839 2232 869 2289 et
878 2234 1013 2289 manibus
1028 2232 1126 2300 ligatis
1140 2232 1169 2286 in
1180 2231 1296 2287 foveam
1307 2229 1398 2284 vivus
1411 2243 1486 2285 mer-

334 2328 465 2397 geretur.
489 2329 597 2384 Bestus
617 2343 689 2384 vero
701 2329 876 2400 Hippolytus
889 2329 960 2384 dum
971 2342 1087 2384 mersus
1106 2325 1211 2383 luisset
1229 2327 1260 2382 in
1277 2327 1398 2384 foveam
1417 2327 1485 2383 unte

333 2437 435 2479 muros
456 2425 564 2482 Portus
584 2425 753 2481 Romani...
771 2451 784 2473 n
805 2424 950 2494 Etpoulo
963 2439 1060 2494 sopra
1073 2423 1108 2494 (s)
1128 2445 1135 2479 ι
1153 2447 1166 2468 u
1187 2423 1294 2479 Beatus
1314 2437 1390 2478 vero
1410 2425 1486 2479 Nou·

334 2537 391 2579 uus
405 2520 442 2597 (s)
467 2525 586 2594 collegit
605 2539 713 2594 eorpus
727 2525 790 2594 ejns
803 2523 928 2598 [Aurese]
943 2524 973 2580 et
985 2523 1121 2593 sepelivit
1134 2523 1163 2577 in
1183 2521 1294 2591 praedio
1308 2521 1415 2591 ipsius,
1437 2519 1485 2576 ubi

334 2620 520 2678 habitaverat
533 2623 612 2678 foros
625 2637 727 2680 muros
737 2624 831 2692 portae
842 2625 941 2679 Ostiae.
959 2649 972 2670 n
987 2620 1223 2690 Popebroclrius.
1237 2619 1272 2690 (o)
1285 2639 1291 2674 :
1306 2641 1319 2663 u
1334 2620 1485 2674 Habemus

334 2715 405 2790 (ott)
423 2719 585 2776 sinceriora
600 2722 628 2776 S.
643 2725 749 2776 Aurese
762 2721 875 2777 ectu...
899 2720 1071 2776 Portuensis
1090 2731 1144 2787 pro
1164 2731 1199 2772 eo
1218 2717 1353 2786 tempore
1374 2717 1486 2788 episco-

333 2830 389 2885 pus
411 2816 472 2872 illio
494 2817 661 2886 appellatur
683 2818 834 2886 cyriacus,
862 2817 1038 2886 Hippolytus
1064 2829 1137 2871 vero
1154 2813 1327 2884 uppellatur
1353 2813 1486 2869 Arabum

333 2914 588 2983 Metropolitanus.
611 2939 624 2960 n
645 2915 689 2971 At
707 2917 884 2984 liujusmodi
902 2916 983 2972 Acta
1006 2929 1067 2968 ison
1090 2915 1256 2970 ediderunt
1275 2909 1487 2967 Botiondiooi

332 3012 385 3066 ubi
403 3009 487 3069 Tem.
501 3009 522 3066 I
530 3007 647 3080 VAuy.
663 3017 792 3081 eperunt
804 3015 842 3068 de
853 3011 885 3070 S.
904 3012 1018 3068 Aureo.

593 3165 643 3217 Ex
659 3165 896 3230 Martyrologlo
913 3163 1172 3229 Hleronymleno.
1191 3159 1224 3228 (⁷)

379 3317 443 3381 14.
477 3323 513 3378 29
531 3320 604 3378 Jon.
628 3345 651 3366 u·
666 3326 696 3378 ln
717 3325 821 3379 Tursis
843 3323 1006 3390 constanti,
1022 3320 1171 3391 Hippolyti
1194 3317 1328 3390 Episcopi
1346 3316 1386 3372 de
1406 3317 1487 3374 linti-

332 3427 406 3497 quis.
425 3453 438 3475 n

378 3553 441 3616 15.
475 3559 511 3617 30
530 3558 603 3617 Joo.
627 3585 639 3605 u
663 3563 693 3614 ln
704 3559 859 3616 Antiochia
868 3558 966 3629 passio
980 3560 1009 3613 S.
1025 3555 1175 3626 Hippolyti
1188 3553 1340 3624 martyris.
1357 3579 1371 3598 -υ
1438 3582 1444 3596 -

379 3691 441 3755 16.
476 3702 508 3757 31
529 3700 602 3758 Jon.
625 3725 638 3746 a
661 3700 882 3757 lnrllexandriu
884 3742 938 3758 .....
955 3697 1105 3768 Hippolyti
1109 3739 1187 3752 .......
1186 3787 1190 3794 Ι
1202 3721 1215 3742 n

359 3976 637 4033 (11P.G.t.x.p.ssr.
946 3972 973 4025 (4)
984 3968 1121 4015 P.s.t.x.
1135 3980 1160 4025 p.
1173 3970 1224 4013 566.

358 4061 385 4114 (s)
396 4057 426 4103 N.
438 4061 459 4102 5.
470 4080 497 4088 --
509 4055 572 4101 lbid.
583 4065 607 4110 p.
620 4057 670 4098 567.
946 4053 973 4106 (sl
996 4052 1025 4097 lu
1051 4061 1135 4107 grreoo
1163 4047 1232 4093 textu
1251 4045 1380 4094 additur:
1409 4064 1422 4084 a
1446 4046 1488 4104 qui

358 4139 386 4193 (el
397 4129 430 4188 ‘O
440 4131 626 4203 πρεσβύτερος,
638 4147 687 4192 quo
704 4135 808 4180 nomine
820 4133 846 4179 ln
859 4133 891 4180 lis
920 4133 1114 4190 cognominatus
1126 4132 1165 4175 est
1176 4128 1338 4185 Hippolytus.
1352 4147 1366 4168 2

330 4219 394 4264 nolis
416 4219 513 4275 passlm
535 4219 701 4275 designantur
722 4216 867 4262 sacerdotes
883 4229 889 4258 =
948 4215 976 4270 (s)
987 4213 1044 4272 ¹Act.
1058 4211 1103 4258 SS.
1116 4213 1177 4256 tom.
1190 4206 1237 4253 'ill
1249 4207 1318 4252 Hali.
1333 4218 1358 4263 p.
1369 4211 1421 4254 519.

331 4299 415 4356 ltaque
430 4299 585 4345 inversione
600 4298 679 4344 letina
692 4297 776 4354 potius
786 4299 891 4349 prosty-
948 4295 978 4350 (tl
986 4293 1014 4338 P.
1028 4293 1056 4338 1..
1069 4294 1089 4337 t.
1102 4289 1181 4336 XXX.
1195 4298 1221 4343 p.
1230 4289 1270 4331 ⁴41
1283 4296 1339 4342 sqq.

330 4381 370 4422 ter
382 4377 504 4424 dicendus
513 4382 552 4424 est
563 4377 725 4434 Hippolytus.
774 4379 776 4384 '
