3208 5150
531 1269 770 1357 CAPUT
799 1271 858 1354 V.

108 1557 157 1612 DE
183 1552 423 1611 ARGUMENTO
447 1555 496 1610 EX
520 1553 589 1610 HAG
615 1555 890 1612 CONTROVERSIA
917 1554 1047 1609 ΡΕΤΙΤΟ
1072 1553 1260 1609 ADVERSUS

167 1674 521 1733 INFALLlBlLlTATElll
542 1679 586 1733 ΕΤ
606 1679 803 1735 pulmarum
826 1679 967 1734 nonium
990 1679 1202 1734 PONTlFlClS.

162 2270 199 2351 l.
221 2271 361 2348 Restat
383 2275 425 2347 ul
447 2271 577 2373 paucis
601 2271 768 2348 dicamus
786 2271 834 2400 de
855 2273 1076 2372 argumeulo
1095 2269 1192 2369 quod
1214 2293 1260 2344 ex

106 2411 181 2486 hac
209 2407 471 2484 controversia
494 2406 675 2484 deducere
700 2413 884 2485 conantur
905 2410 1035 2482 contra
1056 2405 1258 2481 auctorita-

103 2551 183 2622 tem
205 2567 424 2644 supremam
443 2542 606 2621 Romani
625 2543 833 2620 Pontinus.
851 2542 1063 2643 mquidem

149 2757 186 2822 1.
221 2737 333 2825 Quod
359 2741 501 2841 spectat
526 2738 573 2816 ad
600 2722 682 2840 ejus'
706 2716 967 2814 auctoritatem
997 2733 1255 2822 doctrinalem,

102 2873 357 2953 manifestum
387 2879 545 2950 estnon
574 2873 688 2949 fuisse
718 2872 779 2948 hic
801 2869 982 2972 agitalam
1013 2867 1256 2971 quaestionem

101 3007 379 3112 dogmaticam,
395 3007 457 3085 sed
472 3033 572 3085 mere
590 3007 880 3109 disciplinarem‚
897 3009 934 3082 et
950 3004 996 3082 ad
1015 3009 1256 3105 campartem

102 3139 323 3243 disciplinae
351 3143 597 3243 pertinentem
627 3167 710 3243 quae
744 3140 936 3217 immutari
967 3139 1084 3216 variis
1117 3142 1256 3240 lempu-

101 3286 215 3362 ribus
246 3287 366 3384 polesl
391 3283 470 3360 sine
496 3284 717 3361 detrimento
744 3282 900 3360 unitatis
923 3281 1007 3358 fidei
1032 3285 1100 3359 aul
1123 3280 1255 3358 salutis
1343 3337 1347 3346 .

100 3419 340 3505 animarum,
360 3442 517 3519 quaeque
534 3417 688 3520 proinde
705 3442 779 3495 non
797 3421 852 3533 esd
872 3417 1057 3517 objectum
1076 3414 1254 3492 infallibi-

100 3551 229 3628 lilatis
250 3573 272 3626 a
290 3548 494 3628 Catholicis
513 3551 684 3630 Romano
702 3547 878 3628 Pontifici
897 3553 1062 3626 asserico.

151 3755 194 3839 2.
224 3754 334 3843 Quod
356 3757 388 3832 si
409 3755 587 3857 objiciant
617 3761 651 3833 1⁰
673 3755 1031 3843 Quartodecimanos
1055 3756 1269 3836 haereticos

100 3893 228 3970 dictos
248 3913 326 3965 esse
343 3893 380 3966 el
396 3887 545 3965 uitales
563 3888 710 3966 habitos
732 3919 739 3965 :
761 3889 811 3968 R.
834 3889 909 3966 Eos
928 3891 1058 3991 utique
1075 3895 1117 3967 ul
1134 3892 1251 3971 haere-

100 4033 199 4108 ticos
226 4027 374 4106 habilos
392 4052 471 4106 esse
489 4033 572 4130 post
590 4027 800 4107 Concilium
819 4030 1030 4118 Nicaenum
1059 4031 1138 4108 sire
1163 4034 1252 4134 quia

101 4166 230 4266 legem
258 4161 463 4240 lllosaicam
481 4163 646 4240 excitare
667 4165 819 4266 ejusque
845 4165 1121 4242 observantiam
1141 4165 1250 4243 Ohri-

102 4301 245 4378 suanis
276 4297 369 4376 velle
393 4297 585 4401 imponere
614 4299 954 4401 praesumebanlur;
991 4299 1071 4374 sive
1102 4300 1251 4376 nomine

103 4437 296 4513 haereseos
316 4432 442 4512 latiori
465 4457 575 4508 sensu
601 4437 795 4536 usurpato,
821 4438 932 4536 prout
957 4431 1098 4508 scilicet
1120 4456 1248 4532 qnam·
