3208 5150
312 459 370 504 CII’.
395 460 434 504 III.
458 461 547 506 ernon
570 460 670 506 vroron
692 462 803 508 nsanos
825 463 1079 513 excommunicarem.
1229 457 1266 516 IIII

121 660 137 688 .-
158 623 310 724 judicio
335 623 565 702 nominatum
591 629 702 727 atque
726 628 937 706 convictum
959 667 974 696 n
997 634 1047 729 (ι).
1069 632 1118 710 Et
1137 633 1173 710 in
1198 633 1262 712 lib.

111 770 212 856 post
238 760 470 836 collationem
494 772 627 838 eontra
651 765 885 852 Donatistae,
916 791 950 841 n.
979 773 1028 844 28
1055 799 1062 843 :
1094 805 1110 834 a
1133 775 1266 866 Neque

121 931 138 950 α
164 894 268 970 enim
290 919 313 970 a
338 893 473 996 populo
495 895 563 970 Dei
586 921 812 993 separamus
831 924 924 1000 quos
941 900 1002 977 vel
1027 901 1265 1003 degradando

122 1064 139 1092 .-
164 1026 228 1102 vel
256 1029 623 1106 excommunicando
648 1030 694 1106 ad
718 1030 958 1114 humiliorem
984 1037 1187 1136 poenitendi
1212 1035 1263 1114 lo·

123 1198 138 1226 ,-
163 1186 254 1236 cum
272 1161 476 1262 redigimus
497 1198 512 1226 n
534 1166 583 1260 (a).

173 1337 236 1420 16.
263 1340 398 1418 Clerici
426 1339 569 1438 (saltem
599 1340 773 1439 minores)
804 1345 841 1440 (a)
875 1344 1005 1420 iisdem
1030 1345 1089 1421 his
1119 1371 1264 1424 excom·

118 1473 438 1552 municationibus
460 1473 729 1577 plectebantur,
755 1476 818 1552 sed
843 1481 1024 1577 praeterea
1048 1478 1263 1580 redigeban-

116 1619 186 1688 tur
210 1611 255 1688 ad
280 1609 452 1686 laicalem
469 1614 620 1720 statum.
643 1611 693 1688 Et
715 1611 902 1713 prioribus
927 1613 1077 1713 quidem
1100 1613 1264 1693 ecclesiae

116 1747 271 1835 seculis,
292 1744 417 1822 nullus
436 1747 517 1848 jam
541 1746 713 1850 deinceps
732 1747 777 1822 iis
800 1750 950 1849 patebat
976 1749 1100 1826 aditus
1123 1749 1170 1825 ad
1193 1754 1264 1828 sta-

115 1885 205 1956 tum
232 1878 456 1966 clericalem,
488 1880 602 1956 etiam
625 1885 708 1983 post
731 1887 922 1982 peractam
945 1883 1206 1985 poenitentiam
1228 1890 1265 1962 et

115 2019 312 2116 acceptum
327 2014 681 2105 reconciliationem;
698 2021 825 2118 postea
837 2042 927 2094 vero
947 2017 1165 2096 clementius
1178 2045 1263 2096 cum

116 2149 166 2226 iis
185 2148 249 2248 agi
266 2151 430 2251 coeptum
447 2151 515 2224 est.
820 2127 830 2144 ⁹

167 2319 228 2405 17.
243 2341 287 2404 Β.
308 2324 418 2413 Quod
436 2329 562 2402 autem
580 2325 979 2404 excommunicationes
1004 2329 1262 2431 episcoporum

116 2469 154 2539 ct
173 2460 418 2538 ecclesiarum
439 2461 587 2548 attinet,
607 2461 890 2562 praenotandum
912 2469 968 2541 est
985 2463 1159 2542 ecclesias
1177 2492 1261 2567 par·

117 2600 298 2678 ticularcs
315 2600 427 2678 certis
445 2598 591 2676 indiciis
610 2598 823 2700 significare
840 2602 1076 2678 consuevisse
1100 2628 1263 2680 commu-

117 2737 269 2812 nionem
298 2761 373 2838 qua
402 2736 442 2811 in
472 2759 585 2811 unam
615 2733 868 2811 universalem
897 2735 1093 2812 ecclesiam
1118 2736 1260 2817 Christi

115 2871 386 2950 coalescebant.
417 2871 605 2948 Nimirum
630 2903 669 2951 a.
689 2870 844 2947 Litteris
870 2871 1142 2948 communionis
1169 2897 1261 2974 quas

116 3008 281 3110 episcopi
304 3011 341 3084 et
361 3005 527 3084 ecclesiae
549 3006 618 3082 sibi
636 3009 781 3094 mutu0,
806 3005 868 3081 sed
887 3005 1097 3107 praesertim
1118 3007 1164 3082 ad
1184 3007 1260 3085 Ro-

117 3165 274 3216 manum
314 3141 554 3229 Pontificem,
596 3141 793 3217 mittebant
830 3145 1024 3241 tamquam
1064 3142 1148 3218 fidei
1183 3168 1261 3220 suae

117 3282 278 3352 tesseras
308 3279 345 3352 et
374 3274 626 3352 consensionis
657 3272 839 3377 symbola.
871 3274 952 3350 Has
982 3272 1126 3350 litteras
1160 3279 1262 3352 certa

117 3407 282 3488 formula
310 3414 506 3512 conceptas
536 3409 664 3497 fuisse,
696 3409 795 3485 unde
820 3415 998 3502 forrnoloe
1028 3407 1259 3498 dicebantur,

117 3543 226 3622 testis
242 3549 310 3633 cst,
330 3547 466 3646 practer
482 3543 788 3633 diosopolim
806 3541 1063 3628 MilevitanuS,
1084 3541 1204 3640 quint
1222 3569 1261 3618 se

119 3702 281 3778 suosque
298 3703 383 3754 cum
400 3679 515 3756 totius
533 3677 633 3755 orbis
654 3677 819 3754 ecclesiis
837 3676 1096 3754 communione
1110 3677 1260 3776 junctos

119 3811 359 3896 demonstret,
394 3810 486 3887 dicit
519 3835 558 3886 se
587 3835 673 3887 cum
711 3811 845 3888 Siricio
879 3809 1050 3912 episcopo
1087 3809 1260 3888 Romano

120 3945 413 4044 communicare,
449 3979 465 4007 a
498 3967 584 4019 oum
609 3968 682 4045 quo
709 3943 784 4042 (ait)
815 3943 1008 4021 nobiscum
1034 3947 1134 4020 totus
1160 3943 1260 4020 orbis

153 4215 182 4278 (ι)
195 4215 227 4265 Ρ.
242 4214 272 4266 L.
286 4217 305 4265 t.
319 4213 445 4266 XXXIX.
459 4229 485 4280 p.
502 4216 572 4266 1546.
704 4214 867 4265 runcone.
890 4215 927 4264 II.
952 4227 978 4275 q.
997 4213 1021 4263 3.
1040 4225 1063 4262 c.
1077 4212 1107 4262 II
1127 4210 1168 4274 (P.
1188 4211 1219 4262 L.
1239 4215 1258 4262 t.

154 4308 182 4368 (a)
194 4305 226 4356 P.
246 4305 277 4355 L.
291 4307 311 4356 t.
326 4305 425 4356 xmn,
444 4321 471 4370 p.
491 4307 548 4358 669.
563 4331 593 4342 -
609 4305 669 4356 Vid.
705 4304 890 4357 CLXXXVII.
904 4319 930 4368 p.
943 4305 1010 4359 855).

123 4397 203 4445 etiam
222 4395 289 4445 Can.
306 4395 387 4460 Cone.
412 4395 561 4447 Meldensis
581 4392 669 4445 Neam
734 4397 764 4458 (a)
778 4394 833 4446 Csr.
848 4394 921 4444 infra
933 4393 967 4444 N.
980 4393 1010 4443 21
1023 4390 1091 4441 extr.

125 4481 320 4548 episcopam
352 4486 398 4536 clt.
427 4485 455 4537 in
489 4484 568 4537 Decr.
597 4486 668 4537 Gna·
