<?xml version="1.0" encoding="UTF-8"?>
<!DOCTYPE html PUBLIC "-//W3C//DTD XHTML 1.0 Transitional//EN"
    "http://www.w3.org/TR/xhtml1/DTD/xhtml1-transitional.dtd">
<html xmlns="http://www.w3.org/1999/xhtml" xml:lang="en" lang="en">
 <head>
  <title>
</title>
<meta http-equiv="Content-Type" content="text/html;charset=utf-8" />
  <meta name='ocr-system' content='tesseract 3.04.00' />
  <meta name='ocr-capabilities' content='ocr_page ocr_carea ocr_par ocr_line ocrx_word'/>
</head>
<body>
  <div class='ocr_page' id='page_1' title='image "./dissertationess00smedgoog_0338.png"; bbox 0 0 3154 5134; ppageno 0'>
   <div class='ocr_carea' id='block_1_1' title="bbox 495 465 1325 526">
    <p class='ocr_par' dir='ltr' id='par_1_1' title="bbox 495 465 1325 526">
     <span class='ocr_line' id='line_1_1' title="bbox 495 465 1325 526; baseline 0.002 -2"><span class='ocrx_word' id='word_1_1' title='bbox 495 477 557 524; x_wconf 78' lang='lat' dir='ltr'><strong>cnr.</strong></span> <span class='ocrx_word' id='word_1_2' title='bbox 580 479 620 524; x_wconf 84' lang='lat' dir='ltr'><strong>nr.</strong></span> <span class='ocrx_word' id='word_1_3' title='bbox 643 479 694 526; x_wconf 84' lang='lat' dir='ltr'><strong>nn.</strong></span> <span class='ocrx_word' id='word_1_4' title='bbox 717 480 761 525; x_wconf 86' lang='lat' dir='ltr'><strong>rr.</strong></span> <span class='ocrx_word' id='word_1_5' title='bbox 784 481 830 526; x_wconf 77' lang='lat' dir='ltr'><strong>nu.</strong></span> <span class='ocrx_word' id='word_1_6' title='bbox 855 465 1004 526; x_wconf 73' lang='lat' dir='ltr'><strong>aso-511.</strong></span> <span class='ocrx_word' id='word_1_7' title='bbox 1268 467 1325 526; x_wconf 66' lang='lat'><strong>525</strong></span> 
     </span>
    </p>
   </div>
   <div class='ocr_carea' id='block_1_2' title="bbox 166 647 1327 1304">
    <p class='ocr_par' dir='ltr' id='par_1_2' title="bbox 166 647 1327 1304">
     <span class='ocr_line' id='line_1_2' title="bbox 166 647 1325 738; baseline 0.001 -2"><span class='ocrx_word' id='word_1_8' title='bbox 166 660 273 736; x_wconf 90' lang='lat' dir='ltr'><strong>lium</strong></span> <span class='ocrx_word' id='word_1_9' title='bbox 291 658 429 737; x_wconf 90' lang='lat' dir='ltr'><strong>obiisse</strong></span> <span class='ocrx_word' id='word_1_10' title='bbox 445 657 712 736; x_wconf 84' lang='lat' dir='ltr'><strong>existimemus</strong></span> <span class='ocrx_word' id='word_1_11' title='bbox 735 658 912 737; x_wconf 81' lang='lat' dir='ltr'><strong>Ceterum</strong></span> <span class='ocrx_word' id='word_1_12' title='bbox 930 647 1115 736; x_wconf 84' lang='lat' dir='ltr'><strong>Eusebius</strong></span> <span class='ocrx_word' id='word_1_13' title='bbox 1137 663 1174 736; x_wconf 91' lang='lat' dir='ltr'><strong>et</strong></span> <span class='ocrx_word' id='word_1_14' title='bbox 1192 659 1325 738; x_wconf 90' lang='lat' dir='ltr'><strong>Hiero-</strong></span> 
     </span>
     <span class='ocr_line' id='line_1_3' title="bbox 169 791 1326 904; baseline 0.003 -34"><span class='ocrx_word' id='word_1_15' title='bbox 169 818 319 896; x_wconf 81' lang='lat' dir='ltr'><strong>nymus</strong></span> <span class='ocrx_word' id='word_1_16' title='bbox 350 791 457 904; x_wconf 77' lang='lat' dir='ltr'><strong>(forte</strong></span> <span class='ocrx_word' id='word_1_17' title='bbox 483 793 686 871; x_wconf 81' lang='lat' dir='ltr'><strong>Eusebium</strong></span> <span class='ocrx_word' id='word_1_18' title='bbox 712 795 873 891; x_wconf 89' lang='lat' dir='ltr'><strong>secutus)</strong></span> <span class='ocrx_word' id='word_1_19' title='bbox 903 797 986 879; x_wconf 84' lang='lat' dir='ltr'><strong>octo,</strong></span> <span class='ocrx_word' id='word_1_20' title='bbox 1009 798 1158 871; x_wconf 87' lang='lat' dir='ltr'><strong>tantum</strong></span> <span class='ocrx_word' id='word_1_21' title='bbox 1182 819 1326 873; x_wconf 90' lang='lat' dir='ltr'><strong>menses</strong></span> 
     </span>
     <span class='ocr_line' id='line_1_4' title="bbox 171 917 1327 1036; baseline -0.002 -26"><span class='ocrx_word' id='word_1_22' title='bbox 171 933 344 1010; x_wconf 91' lang='lat' dir='ltr'><strong>Lucium</strong></span> <span class='ocrx_word' id='word_1_23' title='bbox 369 931 508 1008; x_wconf 83' lang='lat' dir='ltr'>sedisse</span> <span class='ocrx_word' id='word_1_24' title='bbox 529 931 697 1009; x_wconf 86' lang='lat' dir='ltr'><strong>referunt</strong></span> <span class='ocrx_word' id='word_1_25' title='bbox 719 935 768 1031; x_wconf 91' lang='lat'><strong>(1).</strong></span> <span class='ocrx_word' id='word_1_26' title='bbox 798 933 943 1036; x_wconf 85' lang='lat' dir='ltr'><strong>Itaque,</strong></span> <span class='ocrx_word' id='word_1_27' title='bbox 967 917 1223 1010; x_wconf 89' lang='lat' dir='ltr'><strong>deficientibus</strong></span> <span class='ocrx_word' id='word_1_28' title='bbox 1241 932 1327 1010; x_wconf 88' lang='lat' dir='ltr'><strong>aliis</strong></span> 
     </span>
     <span class='ocr_line' id='line_1_5' title="bbox 171 1064 1327 1168; baseline 0 -25"><span class='ocrx_word' id='word_1_29' title='bbox 171 1064 430 1154; x_wconf 85' lang='lat' dir='ltr'><strong>documentis,</strong></span> <span class='ocrx_word' id='word_1_30' title='bbox 462 1069 610 1142; x_wconf 89' lang='lat' dir='ltr'><strong>tantum</strong></span> <span class='ocrx_word' id='word_1_31' title='bbox 642 1091 809 1144; x_wconf 83' lang='lat' dir='ltr'><strong>asserere</strong></span> <span class='ocrx_word' id='word_1_32' title='bbox 839 1066 934 1144; x_wconf 87' lang='lat' dir='ltr'><strong>licet·</strong></span> <span class='ocrx_word' id='word_1_33' title='bbox 957 1068 1037 1168; x_wconf 91' lang='lat' dir='ltr'><strong>ejus</strong></span> <span class='ocrx_word' id='word_1_34' title='bbox 1068 1067 1327 1168; x_wconf 88' lang='lat' dir='ltr'><strong>pontificatum</strong></span> 
     </span>
     <span class='ocr_line' id='line_1_6' title="bbox 172 1199 1327 1304; baseline -0.001 -26"><span class='ocrx_word' id='word_1_35' title='bbox 172 1200 298 1278; x_wconf 87' lang='lat' dir='ltr'><strong>fuisse</strong></span> <span class='ocrx_word' id='word_1_36' title='bbox 316 1199 517 1277; x_wconf 80' lang='lat' dir='ltr'><strong>admodum</strong></span> <span class='ocrx_word' id='word_1_37' title='bbox 539 1202 690 1278; x_wconf 88' lang='lat' dir='ltr'><strong>brevem</strong></span> <span class='ocrx_word' id='word_1_38' title='bbox 706 1206 745 1279; x_wconf 92' lang='lat' dir='ltr'><strong>et</strong></span> <span class='ocrx_word' id='word_1_39' title='bbox 766 1202 1009 1304; x_wconf 75' lang='lat' dir='ltr'><strong>probabiliter</strong></span> <span class='ocrx_word' id='word_1_40' title='bbox 1031 1227 1105 1279; x_wconf 91' lang='lat' dir='ltr'><strong>non</strong></span> <span class='ocrx_word' id='word_1_41' title='bbox 1129 1201 1327 1303; x_wconf 74' lang='lat' dir='ltr'><strong>pertigisse</strong></span> 
     </span>
    </p>
   </div>
   <div class='ocr_carea' id='block_1_3' title="bbox 173 1345 1328 1569">
    <p class='ocr_par' dir='ltr' id='par_1_3' title="bbox 173 1345 1328 1569">
     <span class='ocr_line' id='line_1_7' title="bbox 173 1345 1328 1447; baseline 0.001 -24"><span class='ocrx_word' id='word_1_42' title='bbox 173 1345 228 1424; x_wconf 87' lang='lat' dir='ltr'><strong>ad</strong></span> <span class='ocrx_word' id='word_1_43' title='bbox 247 1369 388 1422; x_wconf 89' lang='lat' dir='ltr'><strong>annum</strong></span> <span class='ocrx_word' id='word_1_44' title='bbox 407 1346 609 1447; x_wconf 85' lang='lat' dir='ltr'><strong>integrum.</strong></span> <span class='ocrx_word' id='word_1_45' title='bbox 632 1347 759 1435; x_wconf 85' lang='lat' dir='ltr'><strong>Quum</strong></span> <span class='ocrx_word' id='word_1_46' title='bbox 778 1352 903 1425; x_wconf 88' lang='lat' dir='ltr'><strong>autern</strong></span> <span class='ocrx_word' id='word_1_47' title='bbox 922 1347 982 1424; x_wconf 89' lang='lat' dir='ltr'><strong>die</strong></span> <span class='ocrx_word' id='word_1_48' title='bbox 998 1352 1023 1424; x_wconf 84' lang='lat'>5</span> <span class='ocrx_word' id='word_1_49' title='bbox 1040 1348 1173 1426; x_wconf 89' lang='lat' dir='ltr'><strong>Martii</strong></span> <span class='ocrx_word' id='word_1_50' title='bbox 1192 1351 1229 1447; x_wconf 73' lang='lat' dir='ltr'><strong>(a)</strong></span> <span class='ocrx_word' id='word_1_51' title='bbox 1247 1347 1328 1424; x_wconf 87' lang='lat' dir='ltr'><strong>vita</strong></span> 
     </span>
     <span class='ocr_line' id='line_1_8' title="bbox 174 1479 1077 1569; baseline 0.001 -13"><span class='ocrx_word' id='word_1_52' title='bbox 174 1480 335 1556; x_wconf 88' lang='lat' dir='ltr'><strong>functus</strong></span> <span class='ocrx_word' id='word_1_53' title='bbox 356 1479 417 1569; x_wconf 93' lang='lat' dir='ltr'><strong>sit,</strong></span> <span class='ocrx_word' id='word_1_54' title='bbox 434 1480 519 1557; x_wconf 93' lang='lat' dir='ltr'><strong>inde</strong></span> <span class='ocrx_word' id='word_1_55' title='bbox 532 1481 751 1559; x_wconf 85' lang='lat' dir='ltr'><strong>deducimur</strong></span> <span class='ocrx_word' id='word_1_56' title='bbox 767 1483 815 1561; x_wconf 92' lang='lat' dir='ltr'><strong>ad</strong></span> <span class='ocrx_word' id='word_1_57' title='bbox 833 1507 975 1560; x_wconf 90' lang='lat' dir='ltr'><strong>annum</strong></span> <span class='ocrx_word' id='word_1_58' title='bbox 992 1485 1077 1560; x_wconf 71' lang='lat'><strong>254.</strong></span> 
     </span>
    </p>
   </div>
   <div class='ocr_carea' id='block_1_4' title="bbox 170 1679 1425 2326">
    <p class='ocr_par' dir='ltr' id='par_1_4' title="bbox 170 1679 1425 2326">
     <span class='ocr_line' id='line_1_9' title="bbox 232 1679 1327 1786; baseline -0.003 -22"><span class='ocrx_word' id='word_1_59' title='bbox 232 1679 272 1763; x_wconf 82' lang='grc'><strong>9.</strong></span> <span class='ocrx_word' id='word_1_60' title='bbox 289 1693 491 1780; x_wconf 72' lang='lat' dir='ltr'><strong>stephanus</strong></span> <span class='ocrx_word' id='word_1_61' title='bbox 514 1708 617 1774; x_wconf 89' lang='lat' dir='ltr'><strong>vero,</strong></span> <span class='ocrx_word' id='word_1_62' title='bbox 644 1688 686 1761; x_wconf 90' lang='lat' dir='ltr'><strong>ut</strong></span> <span class='ocrx_word' id='word_1_63' title='bbox 712 1684 891 1773; x_wconf 84' lang='lat' dir='ltr'><strong>diximus,</strong></span> <span class='ocrx_word' id='word_1_64' title='bbox 915 1688 999 1786; x_wconf 90' lang='lat' dir='ltr'><strong>post</strong></span> <span class='ocrx_word' id='word_1_65' title='bbox 1022 1685 1183 1761; x_wconf 92' lang='lat' dir='ltr'><strong>Lucium</strong></span> <span class='ocrx_word' id='word_1_66' title='bbox 1206 1685 1244 1761; x_wconf 93' lang='lat' dir='ltr'><strong>in</strong></span> <span class='ocrx_word' id='word_1_67' title='bbox 1274 1709 1327 1761; x_wconf 90' lang='lat' dir='ltr'><strong>se·</strong></span> 
     </span>
     <span class='ocr_line' id='line_1_10' title="bbox 170 1818 1425 1921; baseline 0.001 -26"><span class='ocrx_word' id='word_1_68' title='bbox 170 1819 264 1895; x_wconf 89' lang='lat' dir='ltr'><strong>dem</strong></span> <span class='ocrx_word' id='word_1_69' title='bbox 306 1818 566 1896; x_wconf 75' lang='lat' dir='ltr'><strong>pontificalem</strong></span> <span class='ocrx_word' id='word_1_70' title='bbox 604 1823 769 1908; x_wconf 87' lang='lat' dir='ltr'><strong>evectus,</strong></span> <span class='ocrx_word' id='word_1_71' title='bbox 810 1843 893 1894; x_wconf 87' lang='lat' dir='ltr'><strong>eam</strong></span> <span class='ocrx_word' id='word_1_72' title='bbox 933 1819 1094 1896; x_wconf 78' lang='lat' dir='ltr'><strong>obtinuit</strong></span> <span class='ocrx_word' id='word_1_73' title='bbox 1128 1844 1246 1921; x_wconf 91' lang='lat' dir='ltr'><strong>usque</strong></span> <span class='ocrx_word' id='word_1_74' title='bbox 1279 1822 1326 1897; x_wconf 86' lang='lat' dir='ltr'><strong>ad</strong></span> <span class='ocrx_word' id='word_1_75' title='bbox 1421 1859 1425 1866; x_wconf 95' lang='lat'>·</span> 
     </span>
     <span class='ocr_line' id='line_1_11' title="bbox 173 1952 1328 2056; baseline 0.003 -28"><span class='ocrx_word' id='word_1_76' title='bbox 173 1959 204 2028; x_wconf 74' lang='lat'>2</span> <span class='ocrx_word' id='word_1_77' title='bbox 224 1952 388 2052; x_wconf 84' lang='lat' dir='ltr'><strong>Augusti</strong></span> <span class='ocrx_word' id='word_1_78' title='bbox 406 1957 479 2030; x_wconf 77' lang='lat'><strong>257</strong></span> <span class='ocrx_word' id='word_1_79' title='bbox 497 1977 541 2029; x_wconf 90' lang='lat' dir='ltr'><strong>ac</strong></span> <span class='ocrx_word' id='word_1_80' title='bbox 558 1953 714 2056; x_wconf 89' lang='lat' dir='ltr'><strong>proinde</strong></span> <span class='ocrx_word' id='word_1_81' title='bbox 731 1952 893 2055; x_wconf 89' lang='lat' dir='ltr'><strong>amplius</strong></span> <span class='ocrx_word' id='word_1_82' title='bbox 910 1957 987 2030; x_wconf 89' lang='lat' dir='ltr'><strong>tres</strong></span> <span class='ocrx_word' id='word_1_83' title='bbox 1005 1977 1135 2032; x_wconf 88' lang='lat' dir='ltr'><strong>annos.</strong></span> <span class='ocrx_word' id='word_1_84' title='bbox 1157 1955 1230 2032; x_wconf 84' lang='lat' dir='ltr'><strong>Oui</strong></span> <span class='ocrx_word' id='word_1_85' title='bbox 1248 1980 1328 2032; x_wconf 87' lang='lat' dir='ltr'><strong>suc-</strong></span> 
     </span>
     <span class='ocr_line' id='line_1_12' title="bbox 170 2087 1325 2191; baseline 0.003 -27"><span class='ocrx_word' id='word_1_86' title='bbox 170 2087 293 2164; x_wconf 87' lang='lat' dir='ltr'><strong>cessit</strong></span> <span class='ocrx_word' id='word_1_87' title='bbox 314 2096 458 2186; x_wconf 74' lang='lat' dir='ltr'><strong>Xystus</strong></span> <span class='ocrx_word' id='word_1_88' title='bbox 480 2099 534 2185; x_wconf 90' lang='lat' dir='ltr'><strong>ll,</strong></span> <span class='ocrx_word' id='word_1_89' title='bbox 556 2091 620 2190; x_wconf 92' lang='lat' dir='ltr'><strong>qui</strong></span> <span class='ocrx_word' id='word_1_90' title='bbox 643 2089 738 2166; x_wconf 92' lang='lat' dir='ltr'><strong>sedit</strong></span> <span class='ocrx_word' id='word_1_91' title='bbox 759 2115 877 2191; x_wconf 90' lang='lat' dir='ltr'><strong>usque</strong></span> <span class='ocrx_word' id='word_1_92' title='bbox 898 2089 945 2166; x_wconf 89' lang='lat' dir='ltr'><strong>ad</strong></span> <span class='ocrx_word' id='word_1_93' title='bbox 962 2095 987 2166; x_wconf 88' lang='lat'>6</span> <span class='ocrx_word' id='word_1_94' title='bbox 1003 2090 1166 2191; x_wconf 83' lang='lat' dir='ltr'><strong>Augusti</strong></span> <span class='ocrx_word' id='word_1_95' title='bbox 1183 2095 1256 2168; x_wconf 75' lang='lat'><strong>258</strong></span> <span class='ocrx_word' id='word_1_96' title='bbox 1273 2094 1284 2190; x_wconf 84' lang='lat'><strong>(</strong></span> <span class='ocrx_word' id='word_1_97' title='bbox 1300 2096 1325 2191; x_wconf 86' lang='lat'><strong>)‚</strong></span> 
     </span>
     <span class='ocr_line' id='line_1_13' title="bbox 172 2199 1323 2326; baseline 0.003 -26"><span class='ocrx_word' id='word_1_98' title='bbox 172 2227 220 2300; x_wconf 87' lang='lat' dir='ltr'><strong>et</strong></span> <span class='ocrx_word' id='word_1_99' title='bbox 232 2228 319 2324; x_wconf 90' lang='lat' dir='ltr'><strong>post</strong></span> <span class='ocrx_word' id='word_1_100' title='bbox 331 2223 413 2324; x_wconf 87' lang='lat' dir='ltr'><strong>ejus</strong></span> <span class='ocrx_word' id='word_1_101' title='bbox 426 2199 568 2301; x_wconf 90' lang='lat' dir='ltr'><strong>obitum</strong></span> <span class='ocrx_word' id='word_1_102' title='bbox 576 2225 729 2302; x_wconf 85' lang='lat' dir='ltr'><strong>vacavit</strong></span> <span class='ocrx_word' id='word_1_103' title='bbox 741 2224 845 2301; x_wconf 88' lang='lat' dir='ltr'><strong>sedes</strong></span> <span class='ocrx_word' id='word_1_104' title='bbox 859 2223 1082 2326; x_wconf 64' lang='lat' dir='ltr'><strong>usqueadssl</strong></span> <span class='ocrx_word' id='word_1_105' title='bbox 1094 2227 1114 2298; x_wconf 87' lang='lat' dir='ltr'>J</span> <span class='ocrx_word' id='word_1_106' title='bbox 1118 2223 1184 2300; x_wconf 91' lang='lat' dir='ltr'><strong>ulii</strong></span> <span class='ocrx_word' id='word_1_107' title='bbox 1193 2229 1284 2324; x_wconf 77' lang='lat'>259(</span> <span class='ocrx_word' id='word_1_108' title='bbox 1300 2228 1323 2324; x_wconf 89' lang='lat'><strong>).</strong></span> 
     </span>
    </p>
   </div>
   <div class='ocr_carea' id='block_1_5' title="bbox 170 2421 1328 3618">
    <p class='ocr_par' dir='ltr' id='par_1_5' title="bbox 170 2421 1328 3618">
     <span class='ocr_line' id='line_1_14' title="bbox 233 2421 1322 2529; baseline -0.003 -24"><span class='ocrx_word' id='word_1_109' title='bbox 233 2421 297 2505; x_wconf 84' lang='lat'><strong>10.</strong></span> <span class='ocrx_word' id='word_1_110' title='bbox 320 2425 411 2502; x_wconf 88' lang='lat' dir='ltr'><strong>lude</strong></span> <span class='ocrx_word' id='word_1_111' title='bbox 434 2431 560 2504; x_wconf 85' lang='lat' dir='ltr'><strong>autem</strong></span> <span class='ocrx_word' id='word_1_112' title='bbox 584 2451 703 2529; x_wconf 88' lang='lat' dir='ltr'><strong>usque</strong></span> <span class='ocrx_word' id='word_1_113' title='bbox 732 2427 779 2504; x_wconf 88' lang='lat' dir='ltr'><strong>ad</strong></span> <span class='ocrx_word' id='word_1_114' title='bbox 809 2431 980 2529; x_wconf 88' lang='lat' dir='ltr'><strong>tempora</strong></span> <span class='ocrx_word' id='word_1_115' title='bbox 1005 2426 1242 2505; x_wconf 84' lang='lat' dir='ltr'><strong>Constantini</strong></span> <span class='ocrx_word' id='word_1_116' title='bbox 1268 2427 1322 2504; x_wconf 90' lang='lat' dir='ltr'><strong>M.</strong></span> 
     </span>
     <span class='ocr_line' id='line_1_15' title="bbox 170 2561 1326 2667; baseline -0.003 -25"><span class='ocrx_word' id='word_1_117' title='bbox 170 2563 303 2664; x_wconf 87' lang='lat' dir='ltr'><strong>magis</strong></span> <span class='ocrx_word' id='word_1_118' title='bbox 316 2564 514 2666; x_wconf 88' lang='lat' dir='ltr'><strong>perspicua</strong></span> <span class='ocrx_word' id='word_1_119' title='bbox 531 2570 587 2642; x_wconf 89' lang='lat' dir='ltr'><strong>est</strong></span> <span class='ocrx_word' id='word_1_120' title='bbox 607 2565 851 2666; x_wconf 84' lang='lat' dir='ltr'><strong>chronologia</strong></span> <span class='ocrx_word' id='word_1_121' title='bbox 868 2563 1074 2667; x_wconf 86' lang='lat' dir='ltr'><strong>pontificia,</strong></span> <span class='ocrx_word' id='word_1_122' title='bbox 1089 2567 1241 2640; x_wconf 86' lang='lat' dir='ltr'><strong>auctore</strong></span> <span class='ocrx_word' id='word_1_123' title='bbox 1255 2561 1326 2640; x_wconf 87' lang='lat' dir='ltr'><strong>Oa-</strong></span> 
     </span>
     <span class='ocr_line' id='line_1_16' title="bbox 171 2699 1324 2804; baseline -0.003 -24"><span class='ocrx_word' id='word_1_124' title='bbox 171 2699 299 2801; x_wconf 85' lang='lat' dir='ltr'><strong>talogi</strong></span> <span class='ocrx_word' id='word_1_125' title='bbox 323 2701 515 2779; x_wconf 84' lang='lat' dir='ltr'><strong>Liberiani</strong></span> <span class='ocrx_word' id='word_1_126' title='bbox 540 2705 622 2804; x_wconf 89' lang='lat' dir='ltr'><strong>jam</strong></span> <span class='ocrx_word' id='word_1_127' title='bbox 652 2703 874 2780; x_wconf 79' lang='lat' dir='ltr'><strong>certioribus</strong></span> <span class='ocrx_word' id='word_1_128' title='bbox 905 2701 1139 2779; x_wconf 81' lang='lat' dir='ltr'><strong>documentis</strong></span> <span class='ocrx_word' id='word_1_129' title='bbox 1169 2701 1324 2788; x_wconf 88' lang='lat' dir='ltr'><strong>nitente,</strong></span> 
     </span>
     <span class='ocr_line' id='line_1_17' title="bbox 171 2837 1326 2942; baseline -0.002 -29"><span class='ocrx_word' id='word_1_130' title='bbox 171 2838 355 2942; x_wconf 88' lang='lat' dir='ltr'><strong>quamvis</strong></span> <span class='ocrx_word' id='word_1_131' title='bbox 379 2839 419 2914; x_wconf 91' lang='lat' dir='ltr'><strong>in</strong></span> <span class='ocrx_word' id='word_1_132' title='bbox 441 2863 596 2916; x_wconf 88' lang='lat' dir='ltr'><strong>numero</strong></span> <span class='ocrx_word' id='word_1_133' title='bbox 618 2863 817 2928; x_wconf 88' lang='lat' dir='ltr'><strong>annorum,</strong></span> <span class='ocrx_word' id='word_1_134' title='bbox 841 2838 1026 2916; x_wconf 87' lang='lat' dir='ltr'><strong>mensium</strong></span> <span class='ocrx_word' id='word_1_135' title='bbox 1049 2841 1087 2914; x_wconf 90' lang='lat' dir='ltr'><strong>et</strong></span> <span class='ocrx_word' id='word_1_136' title='bbox 1103 2837 1250 2912; x_wconf 88' lang='lat' dir='ltr'><strong>dierum</strong></span> <span class='ocrx_word' id='word_1_137' title='bbox 1268 2861 1326 2912; x_wconf 91' lang='lat' dir='ltr'><strong>as-</strong></span> 
     </span>
     <span class='ocr_line' id='line_1_18' title="bbox 172 2971 1327 3078; baseline -0.003 -26"><span class='ocrx_word' id='word_1_138' title='bbox 172 2974 366 3075; x_wconf 90' lang='lat' dir='ltr'><strong>signando</strong></span> <span class='ocrx_word' id='word_1_139' title='bbox 389 2999 456 3050; x_wconf 83' lang='lat' dir='ltr'><strong>nec</strong></span> <span class='ocrx_word' id='word_1_140' title='bbox 479 2974 578 3064; x_wconf 89' lang='lat' dir='ltr'><strong>aliis,</strong></span> <span class='ocrx_word' id='word_1_141' title='bbox 604 2977 680 3053; x_wconf 90' lang='lat' dir='ltr'><strong>imo</strong></span> <span class='ocrx_word' id='word_1_142' title='bbox 704 3001 771 3053; x_wconf 89' lang='lat' dir='ltr'><strong>nec</strong></span> <span class='ocrx_word' id='word_1_143' title='bbox 789 3000 935 3078; x_wconf 90' lang='lat' dir='ltr'><strong>semper</strong></span> <span class='ocrx_word' id='word_1_144' title='bbox 960 2975 1029 3052; x_wconf 89' lang='lat' dir='ltr'><strong>sibi</strong></span> <span class='ocrx_word' id='word_1_145' title='bbox 1052 2972 1260 3064; x_wconf 84' lang='lat' dir='ltr'><strong>concordet.</strong></span> <span class='ocrx_word' id='word_1_146' title='bbox 1283 2971 1327 3048; x_wconf 91' lang='lat' dir='ltr'><strong>In</strong></span> 
     </span>
     <span class='ocr_line' id='line_1_19' title="bbox 173 3108 1328 3216; baseline -0.003 -28"><span class='ocrx_word' id='word_1_147' title='bbox 173 3113 256 3188; x_wconf 89' lang='lat' dir='ltr'><strong>hac</strong></span> <span class='ocrx_word' id='word_1_148' title='bbox 277 3111 358 3211; x_wconf 90' lang='lat' dir='ltr'><strong>ejus</strong></span> <span class='ocrx_word' id='word_1_149' title='bbox 381 3110 543 3212; x_wconf 90' lang='lat' dir='ltr'><strong>catalogi</strong></span> <span class='ocrx_word' id='word_1_150' title='bbox 561 3118 667 3214; x_wconf 88' lang='lat' dir='ltr'><strong>parte</strong></span> <span class='ocrx_word' id='word_1_151' title='bbox 688 3113 802 3190; x_wconf 87' lang='lat' dir='ltr'><strong>ctiam</strong></span> <span class='ocrx_word' id='word_1_152' title='bbox 824 3114 946 3216; x_wconf 89' lang='lat' dir='ltr'><strong>major</strong></span> <span class='ocrx_word' id='word_1_153' title='bbox 969 3112 1066 3189; x_wconf 89' lang='lat' dir='ltr'><strong>ratio</strong></span> <span class='ocrx_word' id='word_1_154' title='bbox 1084 3115 1140 3188; x_wconf 89' lang='lat' dir='ltr'><strong>est</strong></span> <span class='ocrx_word' id='word_1_155' title='bbox 1157 3108 1328 3187; x_wconf 86' lang='lat' dir='ltr'><strong>habenda</strong></span> 
     </span>
     <span class='ocr_line' id='line_1_20' title="bbox 174 3244 1328 3349; baseline -0.007 -24"><span class='ocrx_word' id='word_1_156' title='bbox 174 3245 424 3325; x_wconf 90' lang='lat' dir='ltr'><strong>indicationis</strong></span> <span class='ocrx_word' id='word_1_157' title='bbox 443 3247 586 3323; x_wconf 89' lang='lat' dir='ltr'><strong>exordii</strong></span> <span class='ocrx_word' id='word_1_158' title='bbox 605 3251 642 3324; x_wconf 92' lang='lat' dir='ltr'><strong>et</strong></span> <span class='ocrx_word' id='word_1_159' title='bbox 666 3248 751 3324; x_wconf 89' lang='lat' dir='ltr'><strong>finis</strong></span> <span class='ocrx_word' id='word_1_160' title='bbox 771 3248 1069 3349; x_wconf 87' lang='lat' dir='ltr'><strong>uniuscujusque</strong></span> <span class='ocrx_word' id='word_1_161' title='bbox 1087 3244 1328 3346; x_wconf 87' lang='lat' dir='ltr'><strong>pontificatus</strong></span> 
     </span>
     <span class='ocr_line' id='line_1_21' title="bbox 173 3377 1326 3486; baseline -0.003 -29"><span class='ocrx_word' id='word_1_162' title='bbox 173 3403 298 3486; x_wconf 88' lang='lat' dir='ltr'><strong>quam</strong></span> <span class='ocrx_word' id='word_1_163' title='bbox 314 3377 467 3456; x_wconf 89' lang='lat' dir='ltr'><strong>illorum</strong></span> <span class='ocrx_word' id='word_1_164' title='bbox 490 3405 732 3458; x_wconf 88' lang='lat' dir='ltr'><strong>numerorum</strong></span> <span class='ocrx_word' id='word_1_165' title='bbox 751 3385 800 3480; x_wconf 81' lang='lat'><strong>(5).</strong></span> <span class='ocrx_word' id='word_1_166' title='bbox 823 3381 968 3483; x_wconf 85' lang='lat' dir='ltr'><strong>Itaque,</strong></span> <span class='ocrx_word' id='word_1_167' title='bbox 992 3379 1196 3457; x_wconf 89' lang='lat' dir='ltr'><strong>secundum</strong></span> <span class='ocrx_word' id='word_1_168' title='bbox 1215 3377 1326 3456; x_wconf 84' lang='lat' dir='ltr'><strong>Cata-</strong></span> 
     </span>
     <span class='ocr_line' id='line_1_22' title="bbox 172 3497 522 3618; baseline -0.017 -20"><span class='ocrx_word' id='word_1_169' title='bbox 172 3497 318 3618; x_wconf 65' lang='lat' dir='ltr'><strong>logum&#39;</strong></span> <span class='ocrx_word' id='word_1_170' title='bbox 331 3519 522 3605; x_wconf 87' lang='lat' dir='ltr'><strong>nostrum,</strong></span> 
     </span>
    </p>
   </div>
   <div class='ocr_carea' id='block_1_6' title="bbox 175 3825 1329 4546">
    <p class='ocr_par' dir='ltr' id='par_1_6' title="bbox 175 3825 1329 4546">
     <span class='ocr_line' id='line_1_23' title="bbox 215 3825 1326 3901; baseline -0.008 -14"><span class='ocrx_word' id='word_1_171' title='bbox 215 3842 245 3898; x_wconf 80' lang='lat' dir='ltr'><strong>n)</strong></span> <span class='ocrx_word' id='word_1_172' title='bbox 258 3833 383 3901; x_wconf 84' lang='lat' dir='ltr'><strong>Appeud.</strong></span> <span class='ocrx_word' id='word_1_173' title='bbox 398 3846 479 3898; x_wconf 85' lang='lat' dir='ltr'><strong>pagg.</strong></span> <span class='ocrx_word' id='word_1_174' title='bbox 492 3827 540 3900; x_wconf 75' lang='grc'><strong>86,</strong></span> <span class='ocrx_word' id='word_1_175' title='bbox 552 3825 601 3884; x_wconf 81' lang='grc'><strong>94.</strong></span> <span class='ocrx_word' id='word_1_176' title='bbox 613 3860 644 3869; x_wconf 94' lang='grc'><strong>-</strong></span> <span class='ocrx_word' id='word_1_177' title='bbox 660 3831 739 3892; x_wconf 88' lang='lat' dir='ltr'><strong>Quod</strong></span> <span class='ocrx_word' id='word_1_178' title='bbox 773 3845 904 3897; x_wconf 77' lang='lat' dir='ltr'><strong>rouymus</strong></span> <span class='ocrx_word' id='word_1_179' title='bbox 914 3828 1022 3881; x_wconf 60' lang='lat' dir='ltr'><strong>vri-‚ru</strong></span> <span class='ocrx_word' id='word_1_180' title='bbox 1033 3831 1096 3882; x_wconf 84' lang='lat' dir='ltr'><strong>c.67</strong></span> <span class='ocrx_word' id='word_1_181' title='bbox 1106 3830 1147 3894; x_wconf 91' lang='lat' dir='ltr'><strong>(P.</strong></span> <span class='ocrx_word' id='word_1_182' title='bbox 1156 3829 1187 3880; x_wconf 92' lang='lat' dir='ltr'><strong>L.</strong></span> <span class='ocrx_word' id='word_1_183' title='bbox 1196 3830 1215 3880; x_wconf 86' lang='lat' dir='ltr'><strong>t.</strong></span> <span class='ocrx_word' id='word_1_184' title='bbox 1223 3828 1326 3881; x_wconf 85' lang='lat' dir='ltr'><strong>XXIII.</strong></span> 
     </span>
     <span class='ocr_line' id='line_1_24' title="bbox 176 3921 880 3988; baseline -0.013 -7"><span class='ocrx_word' id='word_1_185' title='bbox 176 3930 205 3982; x_wconf 76' lang='lat' dir='ltr'><strong>si</strong></span> <span class='ocrx_word' id='word_1_186' title='bbox 222 3939 316 3978; x_wconf 83' lang='lat' dir='ltr'><strong>verum</strong></span> <span class='ocrx_word' id='word_1_187' title='bbox 328 3925 380 3983; x_wconf 80' lang='lat' dir='ltr'><strong>eet,</strong></span> <span class='ocrx_word' id='word_1_188' title='bbox 393 3937 477 3988; x_wconf 87' lang='lat' dir='ltr'><strong>quum</strong></span> <span class='ocrx_word' id='word_1_189' title='bbox 489 3922 548 3974; x_wconf 83' lang='lat' dir='ltr'><strong>dies</strong></span> <span class='ocrx_word' id='word_1_190' title='bbox 559 3925 618 3986; x_wconf 81' lang='lat' dir='ltr'><strong>ejus</strong></span> <span class='ocrx_word' id='word_1_191' title='bbox 629 3923 737 3975; x_wconf 87' lang='lat' dir='ltr'><strong>obitua-</strong></span> <span class='ocrx_word' id='word_1_192' title='bbox 772 3936 798 3987; x_wconf 89' lang='lat' dir='ltr'><strong>p.</strong></span> <span class='ocrx_word' id='word_1_193' title='bbox 812 3921 880 3986; x_wconf 83' lang='lat'><strong>677).</strong></span> 
     </span>
     <span class='ocr_line' id='line_1_25' title="bbox 175 4003 1066 4080; baseline -0.009 -9"><span class='ocrx_word' id='word_1_194' title='bbox 175 4023 220 4072; x_wconf 77' lang='lat' dir='ltr'><strong>lis</strong></span> <span class='ocrx_word' id='word_1_195' title='bbox 234 4021 292 4069; x_wconf 78' lang='lat' dir='ltr'><strong>tum</strong></span> <span class='ocrx_word' id='word_1_196' title='bbox 311 4015 341 4067; x_wconf 91' lang='lat' dir='ltr'><strong>in</strong></span> <span class='ocrx_word' id='word_1_197' title='bbox 357 4015 488 4080; x_wconf 81' lang='lat' dir='ltr'><strong>Gatalogo</strong></span> <span class='ocrx_word' id='word_1_198' title='bbox 506 4013 655 4066; x_wconf 83' lang='lat' dir='ltr'><strong>Liberiano</strong></span> <span class='ocrx_word' id='word_1_199' title='bbox 673 4015 737 4080; x_wconf 81' lang='lat' dir='ltr'><strong>(Ap</strong></span> <span class='ocrx_word' id='word_1_200' title='bbox 805 4017 834 4078; x_wconf 67' lang='grc' dir='ltr'><strong>(ι)</strong></span> <span class='ocrx_word' id='word_1_201' title='bbox 846 4014 901 4065; x_wconf 81' lang='lat' dir='ltr'><strong>cfr.</strong></span> <span class='ocrx_word' id='word_1_202' title='bbox 913 4003 971 4064; x_wconf 83' lang='lat' dir='ltr'><strong>not.</strong></span> <span class='ocrx_word' id='word_1_203' title='bbox 984 4025 1066 4077; x_wconf 83' lang='lat' dir='ltr'><strong>praec.</strong></span> 
     </span>
     <span class='ocr_line' id='line_1_26' title="bbox 178 4109 1084 4186; baseline -0.009 -18"><span class='ocrx_word' id='word_1_204' title='bbox 178 4117 265 4186; x_wconf 87' lang='lat' dir='ltr'><strong>pend.</strong></span> <span class='ocrx_word' id='word_1_205' title='bbox 287 4128 351 4180; x_wconf 81' lang='lat' dir='ltr'><strong>pag.</strong></span> <span class='ocrx_word' id='word_1_206' title='bbox 372 4109 428 4176; x_wconf 71' lang='grc'>92),</span> <span class='ocrx_word' id='word_1_207' title='bbox 447 4115 504 4164; x_wconf 88' lang='lat' dir='ltr'><strong>turn</strong></span> <span class='ocrx_word' id='word_1_208' title='bbox 522 4113 550 4164; x_wconf 88' lang='lat' dir='ltr'><strong>in</strong></span> <span class='ocrx_word' id='word_1_209' title='bbox 571 4112 740 4176; x_wconf 80' lang='lat' dir='ltr'><strong>Deposiuonc</strong></span> <span class='ocrx_word' id='word_1_210' title='bbox 806 4114 837 4172; x_wconf 82' lang='lat' dir='ltr'><strong>(c)</strong></span> <span class='ocrx_word' id='word_1_211' title='bbox 849 4112 906 4163; x_wconf 79' lang='lat' dir='ltr'><strong>cfr.</strong></span> <span class='ocrx_word' id='word_1_212' title='bbox 920 4125 1004 4176; x_wconf 81' lang='lat' dir='ltr'><strong>supra</strong></span> <span class='ocrx_word' id='word_1_213' title='bbox 1013 4111 1046 4161; x_wconf 89' lang='lat' dir='ltr'><strong>N.</strong></span> <span class='ocrx_word' id='word_1_214' title='bbox 1060 4111 1084 4160; x_wconf 89' lang='lat'><strong>6.</strong></span> 
     </span>
     <span class='ocr_line' id='line_1_27' title="bbox 179 4197 1327 4270; baseline -0.01 -13"><span class='ocrx_word' id='word_1_215' title='bbox 179 4206 383 4270; x_wconf 80' lang='lat' dir='ltr'><strong>Episcoporum</strong></span> <span class='ocrx_word' id='word_1_216' title='bbox 407 4202 475 4262; x_wconf 82' lang='lat' dir='ltr'><strong>(Csr.</strong></span> <span class='ocrx_word' id='word_1_217' title='bbox 503 4200 608 4252; x_wconf 75' lang='lat' dir='ltr'><strong>Introd.</strong></span> <span class='ocrx_word' id='word_1_218' title='bbox 640 4201 739 4256; x_wconf 76' lang='lat' dir='ltr'><strong>Gerrer.</strong></span> <span class='ocrx_word' id='word_1_219' title='bbox 808 4201 838 4266; x_wconf 75' lang='lat'><strong>(⁴)</strong></span> <span class='ocrx_word' id='word_1_220' title='bbox 865 4200 989 4265; x_wconf 78' lang='lat' dir='ltr'><strong>Catalog.</strong></span> <span class='ocrx_word' id='word_1_221' title='bbox 1019 4197 1157 4250; x_wconf 84' lang='lat' dir='ltr'><strong>Liberian.</strong></span> <span class='ocrx_word' id='word_1_222' title='bbox 1194 4198 1327 4262; x_wconf 81' lang='lat' dir='ltr'><strong>(Append.</strong></span> 
     </span>
     <span class='ocr_line' id='line_1_28' title="bbox 180 4293 904 4372; baseline -0.008 -17"><span class='ocrx_word' id='word_1_223' title='bbox 180 4317 247 4372; x_wconf 86' lang='lat' dir='ltr'><strong>pag.</strong></span> <span class='ocrx_word' id='word_1_224' title='bbox 267 4303 336 4362; x_wconf 72' lang='lat'>513),</span> <span class='ocrx_word' id='word_1_225' title='bbox 359 4300 496 4351; x_wconf 82' lang='lat' dir='ltr'><strong>indicetur</strong></span> <span class='ocrx_word' id='word_1_226' title='bbox 518 4301 533 4350; x_wconf 87' lang='lat'>5</span> <span class='ocrx_word' id='word_1_227' title='bbox 554 4299 660 4358; x_wconf 83' lang='lat' dir='ltr'><strong>Martii,</strong></span> <span class='ocrx_word' id='word_1_228' title='bbox 685 4313 740 4351; x_wconf 90' lang='lat' dir='ltr'><strong>non</strong></span> <span class='ocrx_word' id='word_1_229' title='bbox 775 4313 837 4364; x_wconf 80' lang='lat' dir='ltr'><strong>pag.</strong></span> <span class='ocrx_word' id='word_1_230' title='bbox 849 4293 904 4361; x_wconf 71' lang='lat'><strong>⁹2).</strong></span> 
     </span>
     <span class='ocr_line' id='line_1_29' title="bbox 181 4383 1328 4462; baseline -0.012 -14"><span class='ocrx_word' id='word_1_231' title='bbox 181 4397 274 4462; x_wconf 84' lang='lat' dir='ltr'><strong>potest</strong></span> <span class='ocrx_word' id='word_1_232' title='bbox 289 4393 384 4446; x_wconf 80' lang='lat' dir='ltr'><strong>obitus</strong></span> <span class='ocrx_word' id='word_1_233' title='bbox 397 4391 518 4442; x_wconf 88' lang='lat' dir='ltr'><strong>Cornelii</strong></span> <span class='ocrx_word' id='word_1_234' title='bbox 531 4391 558 4440; x_wconf 87' lang='lat' dir='ltr'><strong>iu</strong></span> <span class='ocrx_word' id='word_1_235' title='bbox 573 4391 601 4441; x_wconf 75' lang='lat' dir='ltr'><strong>ld</strong></span> <span class='ocrx_word' id='word_1_236' title='bbox 617 4385 740 4454; x_wconf 78' lang='lat' dir='ltr'><strong>Septem·</strong></span> <span class='ocrx_word' id='word_1_237' title='bbox 807 4391 838 4450; x_wconf 79' lang='lat'><strong>(⁵)</strong></span> <span class='ocrx_word' id='word_1_238' title='bbox 859 4389 913 4440; x_wconf 84' lang='lat' dir='ltr'><strong>Crr.</strong></span> <span class='ocrx_word' id='word_1_239' title='bbox 932 4385 1037 4438; x_wconf 80' lang='lat' dir='ltr'><strong>Introd.</strong></span> <span class='ocrx_word' id='word_1_240' title='bbox 1057 4383 1155 4438; x_wconf 80' lang='lat' dir='ltr'><strong>Gener.</strong></span> <span class='ocrx_word' id='word_1_241' title='bbox 1173 4385 1264 4436; x_wconf 83' lang='lat' dir='ltr'><strong>Tract.</strong></span> <span class='ocrx_word' id='word_1_242' title='bbox 1279 4384 1328 4435; x_wconf 91' lang='lat'><strong>111.</strong></span> 
     </span>
     <span class='ocr_line' id='line_1_30' title="bbox 184 4473 1329 4546; baseline -0.015 -8"><span class='ocrx_word' id='word_1_243' title='bbox 184 4487 241 4539; x_wconf 78' lang='lat' dir='ltr'><strong>bric</strong></span> <span class='ocrx_word' id='word_1_244' title='bbox 253 4483 364 4540; x_wconf 74' lang='lat' dir='ltr'><strong>referri.</strong></span> <span class='ocrx_word' id='word_1_245' title='bbox 383 4481 507 4546; x_wconf 79' lang='lat' dir='ltr'><strong>quamvis</strong></span> <span class='ocrx_word' id='word_1_246' title='bbox 518 4481 546 4531; x_wconf 91' lang='lat' dir='ltr'><strong>id</strong></span> <span class='ocrx_word' id='word_1_247' title='bbox 563 4481 662 4532; x_wconf 79' lang='lat' dir='ltr'><strong>habeat</strong></span> <span class='ocrx_word' id='word_1_248' title='bbox 680 4479 745 4530; x_wconf 90' lang='lat' dir='ltr'><strong>Hie·</strong></span> <span class='ocrx_word' id='word_1_249' title='bbox 780 4480 845 4544; x_wconf 81' lang='lat' dir='ltr'><strong>cap.</strong></span> <span class='ocrx_word' id='word_1_250' title='bbox 859 4479 911 4529; x_wconf 86' lang='grc' dir='ltr'><strong>ΙΙΙ.</strong></span> <span class='ocrx_word' id='word_1_251' title='bbox 924 4478 959 4529; x_wconf 91' lang='lat' dir='ltr'><strong>N.</strong></span> <span class='ocrx_word' id='word_1_252' title='bbox 974 4479 1004 4528; x_wconf 83' lang='lat'><strong>15</strong></span> <span class='ocrx_word' id='word_1_253' title='bbox 1015 4489 1074 4538; x_wconf 84' lang='lat' dir='ltr'><strong>sqq.</strong></span> <span class='ocrx_word' id='word_1_254' title='bbox 1096 4477 1169 4538; x_wconf 75' lang='lat' dir='ltr'><strong>(pag.</strong></span> <span class='ocrx_word' id='word_1_255' title='bbox 1187 4475 1234 4525; x_wconf 76' lang='lat'><strong>210</strong></span> <span class='ocrx_word' id='word_1_256' title='bbox 1250 4473 1329 4534; x_wconf 65' lang='lat' dir='ltr'><strong>eqo).</strong></span> 
     </span>
    </p>
   </div>
   <div class='ocr_carea' id='block_1_7' title="bbox 0 0 1594 5134">
    <p class='ocr_par' dir='ltr' id='par_1_7' title="bbox 0 0 1594 5134">
     <span class='ocr_line' id='line_1_31' title="bbox 0 0 1594 5134; baseline 0 0"><span class='ocrx_word' id='word_1_257' title='bbox 0 0 1594 5134; x_wconf 95' lang='lat' dir='ltr'><strong> </strong></span> 
     </span>
    </p>
   </div>
  </div>
 </body>
</html>
