3180 5134
431 467 464 514 be
485 467 621 515 conrnuv.
644 466 727 513 cinca
750 465 903 512 caurauni.
929 462 1028 510 rsscu.
1277 447 1310 505 15

134 633 178 690 ad
199 635 295 705 binius
311 635 359 691 rei
379 635 634 692 confirmationem
652 633 799 704 seriptum
817 631 936 702 aliquod
954 629 1157 687 testimonium
1171 631 1308 699 prolerre

136 730 282 800 possunt.
304 757 319 779 n
343 729 381 803 (l)
746 732 749 741 '

193 868 258 933 13.
276 878 460 933 sozomenus
481 876 567 935 Hist.
590 878 681 934 Eccl.
703 877 857 934 Vll.19.u
880 877 916 933 aa
937 875 983 932 bae
1002 876 1122 947 quidem
1142 875 1305 932 merentia

141 976 237 1048 liujus
250 979 322 1036 sesti
333 978 508 1045 [paschatis]
523 983 729 1040 observatione
742 982 957 1052 discrepantiae.
975 984 1069 1038 Porro
1082 981 1219 1037 exortam
1233 981 1304 1037 olim

141 1074 299 1132 haedere
313 1078 550 1135 controversiam
564 1079 779 1149 sapientissime
792 1077 963 1134 dissolvisse
977 1078 1049 1134 mihi
1063 1077 1182 1134 videtur
1191 1078 1304 1144 Victor,

140 1171 218 1230 tunc
231 1175 381 1245 temporis
393 1178 595 1232 Romanorum
608 1177 774 1246 episcopus,
789 1176 820 1231 et
833 1175 1017 1244 polycarpus
1034 1177 1214 1244 Smyrnaeus.
1230 1176 1305 1229 Nam

140 1270 289 1338 quoniam
303 1271 509 1329 occidentales
518 1273 646 1342 episcopi
660 1273 853 1329 traditionem
867 1273 951 1328 Pauli
962 1287 998 1328 ao
1009 1272 1090 1328 Petri
1102 1271 1305 1341 abrogandam

140 1383 204 1423 non
224 1384 292 1426 esse
306 1371 482 1438 censebant;
501 1373 601 1429 Asiani
614 1387 687 1428 vero
703 1375 847 1429 ioannem
860 1373 1072 1443 evangelistam
1086 1374 1168 1442 sequi
1183 1386 1214 1428 se
1228 1371 1305 1427 velle

138 1465 350 1533 affirmabant,
363 1483 400 1524 ex
413 1471 563 1526 communi
577 1471 700 1527 consilio
710 1471 832 1541 placuit,
847 1470 881 1526 ut
893 1470 1001 1540 singuli
1015 1469 1123 1526 testum
1134 1469 1224 1538 prout
1237 1483 1305 1524 con·

91 1573 95 1578 '
138 1565 310 1622 sueverant
320 1566 658 1635 celebrantes‚amutua
669 1570 746 1625 inter
755 1585 787 1625 se
798 1569 1003 1625 communione
1014 1580 1198 1638 nequaquam
1209 1565 1302 1620 disce·

137 1663 259 1732 derent.
284 1663 416 1720 Stultum
437 1666 526 1732 enim,
552 1668 788 1734 necimmerito,
814 1667 1034 1731 existimabant,
1055 1667 1303 1722 consuetudinum

135 1771 234 1814 causa
247 1759 288 1814 ab
303 1759 474 1816 seinvicem
490 1761 623 1830 separari
636 1777 698 1829 eos,
712 1763 763 1832 qui
777 1764 807 1820 in
821 1763 978 1834 praecipuis
992 1763 1142 1834 religionis
1156 1763 1303 1832 capitibus

133 1855 362 1912 consentirent.
379 1879 393 1902 n
410 1853 447 1930 (ε)

158 2115 187 2168 (n
203 2113 240 2161 Ρ.
252 2111 288 2158 a.
303 2111 537 2170 a.1,xv11.p.ars.
770 2119 798 2173 (ε)
809 2117 838 2163 e.
852 2117 881 2164 o.
894 2119 912 2163 t.
925 2116 1027 2163 anmi.
1041 2129 1065 2173 p.
1080 2120 1142 2163 im.
