3180 5134
356 461 388 516 12
846 469 968 516 inraso.
991 463 1029 513 n.

355 657 422 699 rum
441 635 592 710 pastores,
615 636 685 706 quid
707 636 750 691 eis
775 635 926 705 probabile
951 637 1050 692 visum
1070 635 1170 704 luerit,
1195 635 1304 695 litteris
1327 639 1491 716 ediderunt:

356 752 483 808 quarum
497 733 641 791 memoria
653 731 690 788 ad
702 747 756 788 nos
769 746 862 801 usque
875 731 1027 801 perdurat.
1045 757 1058 780 n
1073 731 1111 804 (ι)

401 929 440 994 9.
463 937 668 992 Hrsaournus
690 935 726 988 in
748 932 921 988 Chronico
941 933 982 987 aa
1003 946 1055 987 aa.
1084 932 1144 987 198.
1166 953 1179 976 u
1201 931 1369 995 Quaestione
1387 931 1451 986 orta
1467 931 1492 985 in

354 1039 423 1096 Asia
444 1038 523 1094 inter
540 1037 709 1106 Episcopus,
730 1049 768 1090 an
781 1033 944 1092 secundum
966 1033 1060 1104 legem
1078 1033 1164 1099 Masi,
1184 1034 1252 1089 xlv
1266 1034 1375 1091 mensis
1387 1031 1493 1088 Pascha

354 1133 571 1190 observandum
597 1133 685 1198 esset,
705 1133 808 1188 Victor
833 1133 974 1188 Romanae
996 1129 1078 1186 urhis
1093 1129 1270 1198 Episcopus,
1297 1130 1327 1186 et
1348 1130 1491 1186 Narcissus

353 1231 617 1301 ierosolymorum,
637 1232 808 1302 Polycrates
825 1245 954 1301 quoque,
973 1228 1160 1296 atinensem,
1176 1231 1209 1286 et
1223 1231 1396 1299 Bacchylus
1410 1227 1491 1298 pluri·

354 1328 453 1398 mique
467 1327 660 1383 ecclesiarum
678 1327 824 1398 pastores.
843 1326 913 1396 quid
928 1326 971 1382 eis
988 1325 1139 1395 probabile
1158 1325 1258 1382 visum
1272 1325 1378 1392 iuerat,
1393 1323 1491 1380 litteris

354 1423 519 1490 ediderunt,
534 1439 661 1494 quarum
674 1426 819 1482 memoria
828 1425 866 1480 ad
880 1439 933 1481 nos
946 1437 1040 1493 usque
1054 1423 1209 1494 perduret.
1227 1450 1240 1472 n
1256 1426 1293 1496 (τ)

400 1601 464 1666 10.
481 1611 522 1664 lu.
545 1609 589 1662 ile
608 1607 702 1664 Viris
720 1607 930 1664 illustribus
949 1622 1015 1677 cap.
1032 1607 1077 1664 35.
1095 1631 1108 1652 u
1128 1607 1278 1664 Feruntur
1297 1608 1359 1678 ejus
1377 1605 1489 1678 [irenaei]

353 1710 383 1766 et
405 1710 472 1765 aliae
493 1709 530 1764 ad
553 1709 713 1774 Victorem,
737 1711 908 1779 episcopum
933 1711 1110 1776 Romanum,
1134 1710 1171 1765 de
1193 1711 1355 1780 quaestione
1380 1707 1489 1764 Pascha

352 1807 485 1876 epistolae
500 1827 506 1862 :
522 1807 552 1861 in
565 1807 670 1876 quibus
683 1807 852 1862 commonet
862 1821 940 1871 eum,
962 1821 1020 1861 non
1036 1805 1122 1861 facile
1135 1805 1243 1862 debere
1258 1805 1398 1862 unitatem
1413 1803 1488 1860 colle·

351 1905 390 1974 gii
405 1902 546 1960 scindere.
560 1901 709 1972 Siquidem
728 1903 830 1958 Victor
843 1902 953 1958 multos
972 1903 1049 1957 Asiae
1068 1901 1099 1958 et
1117 1903 1247 1958 Orientis
1269 1904 1427 1972 episcopos,
1446 1897 1488 1966 qui

352 1997 586 2068 decimaquarta
604 1998 676 2053 luna
694 2013 762 2054 cum
774 2001 788 2055 J
793 1999 884 2054 udaeis
898 1998 1014 2054 Pascha
1027 1999 1228 2066 celebrabant,
1243 1998 1420 2056 damnandos
1433 2009 1487 2051 cre

267 2085 272 2093 '
352 2095 476 2152 diderat.
493 2099 523 2150 ln
537 2107 597 2164 qua
608 2093 754 2150 sententia
767 2095 797 2150 hi
810 2096 860 2164 qui
876 2095 1083 2164 discrepabant
1095 2095 1132 2152 ab
1145 2095 1204 2152 illis
1218 2097 1329 2154 Victori
1343 2109 1399 2151 non
1412 2091 1487 2148 dedc-
1553 2177 1554 2190 χ

352 2192 424 2249 runt
436 2204 551 2246 manus.
570 2215 583 2236 n
598 2190 634 2262 (a)

399 2366 458 2430 11.
480 2375 668 2430 Errruemus
689 2375 775 2430 Haer.
795 2377 845 2431 70.
867 2389 933 2444 cap.
949 2375 976 2431 9.
994 2401 1007 2421 u
1024 2375 1139 2432 Habent
1152 2391 1224 2432 vero
1242 2369 1484 2450 [Audiani1etalia
1500 2439 1505 2448 ¹

352 2477 515 2546 complura,
539 2477 645 2546 quihus
664 2477 850 2546 potissimum
874 2478 1021 2546 nituntur,
1045 2493 1135 2549 seque
1159 2479 1196 2536 ab
1219 2480 1358 2536 Ecclesiae
1378 2475 1484 2543 conjun·
1553 2463 1554 2521 i

352 2573 449 2630 ctione
462 2573 665 2644 segregarunt,
680 2576 785 2644 quibus
804 2575 835 2631 ct
847 2575 924 2631 alios
943 2575 1118 2646 plerumque
1136 2577 1330 2634 conturbatos
1342 2573 1377 2630 ab
1394 2571 1481 2628 eadem

352 2671 483 2728 Ecclesia
496 2669 641 2726 divellunt
659 2671 814 2740 utriusque
827 2686 916 2728 sexus
931 2672 1072 2728 homines.
1089 2676 1164 2728 Nam
1184 2687 1253 2728 cum
1266 2671 1371 2736 ludaeis
1384 2663 1482 2724 Pascha

351 2769 502 2826 celebrare
520 2769 636 2834 volunt,
650 2769 706 2826 hoc
725 2769 780 2834 est,
802 2784 860 2839 quo
879 2770 1013 2839 tempore
1031 2773 1046 2826 J
1051 2771 1126 2827 udaei
1139 2773 1250 2841 azyma
1270 2787 1324 2828 sua
1342 2763 1480 2840 peragunt,

351 2872 422 2926 tunc
436 2870 478 2926 illi
492 2870 646 2926 Pascbatis
659 2871 860 2926 celebritatem
875 2871 995 2936 obeunt,
1011 2871 1045 2928 ut
1057 2871 1094 2927 ab
1108 2871 1240 2928 Ecclesia
1253 2871 1402 2930 dissentire
1414 2864 1482 2920 vide·

351 2967 450 3023 antur.
458 2967 539 3032 Quod
548 2965 686 3022 videlicet
696 2967 766 3022 olim
778 2965 842 3022 haee
852 2968 882 3023 in
890 2967 1021 3024 Ecclesia
1031 2967 1214 3024 consuetudo
1222 2970 1342 3040 recepta
1350 2964 1431 3023 inerit
1433 3001 1479 3018 .....

349 3063 531 3132 iampridem
544 3063 632 3132 enim,
647 3063 677 3119 et
692 3079 711 3118 a
729 3065 833 3134 primis
853 3079 947 3134 usque
960 3065 1153 3134 temporibus,
1168 3066 1262 3122 variae
1274 3069 1305 3123 in
1322 3063 1440 3122 Ecclesia
1451 3056 1482 3110 de

351 3163 407 3219 hac
419 3162 604 3218 solemnitate
615 3163 828 3219 controversiae
837 3177 873 3218 ac
886 3163 1083 3221 dissensiones
1093 3164 1285 3232 exstiterunt,
1300 3179 1363 3236 quae
1375 3159 1481 3230 quomu-

351 3259 396 3315 nis
418 3260 511 3315 risum
533 3273 569 3314 ae
591 3259 764 3314 ludibrium.
777 3259 949 3316 alienabant.
978 3261 1053 3315 Nam
1078 3260 1129 3315 alii
1154 3261 1283 3331 quodam
1306 3251 1481 3316 contentionis

350 3357 458 3412 ardore
470 3357 539 3412 ante
552 3355 775 3422 hebdomadem,
790 3356 840 3412 alii
854 3357 921 3427 post
934 3356 1146 3412 hebdomadem
1162 3358 1287 3430 inibant,
1302 3358 1351 3412 alii
1363 3353 1480 3410 antever-

349 3455 461 3519 tebant‚
473 3453 523 3509 alii
536 3453 633 3509 medio
646 3453 790 3522 tempore,
803 3453 854 3508 alii
867 3452 1017 3522 postremo
1028 3453 1217 3523 peragebant.
1234 3454 1327 3523 Etsi
1336 3465 1389 3507 uno
1402 3441 1479 3501 verbo

349 3552 456 3616 dicam,
472 3551 598 3606 miriilca
610 3549 746 3618 quaedam
759 3549 825 3604 erat
844 3547 875 3603 et
888 3548 1037 3603 laboriosa
1056 3548 1251 3618 perturbatio.
1273 3551 1332 3604 Nec
1346 3542 1409 3601 iilud
1424 3551 1479 3594 eru·

349 3649 418 3706 ditis
437 3647 604 3704 hominibus
618 3644 750 3716 ignotum
764 3647 819 3710 est,
834 3659 924 3714 quam
944 3659 1022 3714 saepe
1035 3645 1161 3701 diversis
1174 3645 1355 3715 temporibus
1367 3641 1399 3696 de
1411 3635 1478 3691 illius

348 3747 416 3803 sesti
425 3743 597 3802 celebritate
607 3744 682 3799 varii
697 3742 908 3798 ecclesiastica
918 3742 1080 3812 disciplinae
1090 3741 1238 3798 tumultus
1248 3755 1284 3798 ac
1297 3734 1477 3797 contentiones

349 3843 461 3900 obortae
474 3841 543 3906 sint,
558 3841 724 3911 prasertim
739 3840 895 3910 Polycarpi
910 3838 1116 3913 [Polycratisl]
1131 3840 1161 3894 et
1175 3839 1303 3895 Victoris
1316 3834 1405 3896 aare,
1418 3839 1476 3884 cum

349 3938 512 3996 orientales
522 3937 558 3992 ab
572 3936 808 3993 occidentalibus
820 3936 928 3992 divulsi
941 3935 1108 4004 pacillcasa
1121 3950 1152 3992 se
1164 3935 1292 3991 inm'cem
1305 3933 1410 3989 litteras
1423 3919 1476 3978 nul-

349 4037 393 4094 las
406 4034 583 4105 acciperent.
599 4033 679 4100 Quod
694 4035 772 4091 idem
785 4041 816 4092 et
828 4035 895 4091 aliis
907 4033 1091 4102 temporibus
1104 4033 1223 4099 accidit,
1240 4033 1323 4090 velut
1335 4019 1472 4088 Alexandri
1551 4111 1552 4114 Ἴ

375 4323 402 4378 (r)
413 4323 442 4369 P.
454 4321 485 4369 G.
497 4323 514 4368 t.
527 4321 629 4378 xmp.
640 4324 692 4367 567.
962 4321 1311 4380 (subannuisset.
1365 4365 1367 4374 ,

376 4405 404 4458 (a)
415 4405 445 4450 P.
457 4404 485 4451 L.
499 4405 517 4450 t.
530 4403 634 4452 lilivli.
648 4413 674 4460 p.
685 4405 738 4449 0³5.
