3132 5140
380 485 500 532 raaces.
524 486 544 530 ι.
568 485 604 530 ur
624 484 730 530 noenu.
754 483 922 530 nnrrrrmn.
1168 469 1222 528 251

79 654 171 756 quod
200 657 286 731 tam
321 651 472 728 obvium
502 655 596 739 erat,
628 649 830 752 aliquando
862 648 997 727 saltem
1028 649 1227 729 innuerent

80 787 334 865 contrarium?

125 965 186 1048 lt.
214 969 276 1044 Ex
300 967 359 1042 his
385 965 557 1042 omnibus
579 965 708 1066 itaque
734 964 879 1070 affatim
905 965 1049 1068 liquere
1074 967 1224 1046 videtur

79 1128 188 1205 quam
214 1103 327 1181 irrito
346 1105 481 1178 conatu
508 1101 689 1177 adversus
716 1100 933 1177 unanimem
959 1101 1036 1179 fere
1061 1104 1222 1182 erudito-

79 1261 158 1314 rum
186 1223 413 1314 eonsensum
435 1235 474 1310 in
497 1259 537 1310 re
563 1233 738 1336 praesenti
765 1233 1008 1311 reclamarint
1028 1237 1137 1338 pauci
1166 1236 1222 1314 illi

78 1396 166 1472 quos
201 1371 358 1448 exordio
393 1370 506 1472 hujus
549 1367 813 1469 disputationis
847 1369 1222 1447 commemoravimus

79 1507 302 1584 recentiores
337 1504 550 1606 scriptores.
585 1501 756 1590 Quorum
791 1503 823 1578 si
853 1503 1077 1603 praevaleret
1109 1529 1220 1606 argu-

78 1641 266 1717 mentandi
286 1644 324 1717 et
348 1639 477 1715 crisim
495 1637 689 1715 exercendi
713 1637 822 1722 ratio,
842 1638 908 1713 vix
934 1637 1013 1716 ulla
1029 1643 1117 1716 sunt
1133 1665 1222 1742 opu-

78 1772 178 1850 scula
208 1775 371 1851 Patrum
401 1771 577 1850 aut'ulla
608 1772 757 1874 privata
790 1773 1012 1852 documenta
1040 1775 1221 1854 historica

78 1892 235 2006 quorum
256 1908 457 1986 authentia
478 1909 518 1985 in
539 1906 789 2008 suspicionem
817 1907 952 1985 adduci
981 1933 1056 1985 non
1080 1913 1216 2011 posset.

462 2187 758 2248 Pnofflmuu
780 2189 830 2246 11.

173 2451 390 2508 HISTORICUS
411 2451 541 2507 TOTIUS
562 2454 850 2510 CONTROVERSIAE
871 2453 1112 2509 CONSPECTUS.

127 2709 157 2792 l.
184 2711 302 2791 Nulla
327 2713 427 2808 circa
453 2713 620 2790 valorem
649 2713 824 2816 baptismi
851 2714 897 2790 ab
924 2713 1110 2789 haereticis
1140 2715 1215 2791 col-

78 2843 138 2924 lati
168 2848 327 2950 quaestio
357 2841 471 2926 mota'
493 2849 608 2926 fuisse
641 2850 791 2928 videtur
824 2853 912 2926 ante
942 2848 1109 2925 seculum
1140 2848 1210 2926 Ill.

80 2979 376 3062 Communiorem
402 2989 529 3061 autem
556 2985 705 3087 praxim
731 2984 921 3087 usquead
951 3008 1020 3059 sua
1045 2986 1215 3086 tempora

80 3117 185 3198 luisse
211 3127 254 3200 ut
274 3122 442 3199 haeretici
465 3123 504 3198 in
521 3123 656 3200 haeresi
678 3123 749 3200 rite
771 3122 949 3225 baptizati
975 3125 1012 3198 et
1032 3121 1079 3197 ad
1098 3120 1212 3197 eccle-

80 3255 165 3334 siam
191 3259 396 3347 venientes
420 3259 542 3336 denuo
568 3284 642 3336 non
664 3259 956 3362 baptizarentur,
976 3257 1039 3334 sed
1065 3282 1132 3359 per
1155 3283 1212 3335 sc-

80 3388 148 3469 lam
185 3419 320 3473 manus
356 3395 633 3497 impositionem
671 3420 757 3472 curn
787 3419 831 3470 ea
868 3393 1211 3484 reconciliarentur,

81 3528 232 3605 testatur
256 3528 470 3630 Stephanus
489 3531 526 3626 (r)
552 3533 590 3605 et
615 3529 706 3605 satis
723 3530 850 3628 aperte
868 3526 1034 3602 fatentur
1055 3525 1213 3627 Cypria-

82 3683 143 3736 nus
159 3666 197 3739 et
214 3663 460 3739 Firmilianus
478 3664 534 3758 (a).
557 3662 714 3738 ineunte
731 3686 820 3738 vero
839 3658 963 3736 seculo
982 3658 1039 3735 111
1058 3661 1141 3736 orta
1158 3665 1215 3737 est

81 3799 326 3876 controversia
356 3797 395 3873 in
424 3797 568 3886 Africa,
596 3796 698 3874 etin
729 3794 897 3876 Concilio
924 3793 1213 3895 Carthaginensi

110 4121 134 4181 h)
151 4123 278 4188 Cypriani
295 4123 383 4187 Epist.
402 4124 436 4174 ad
452 4123 621 4187 Pompeium,
659 4145 670 4158 κ
684 4121 744 4172 sola
753 4135 884 4172 manuum
896 4120 1035 4186 impositio
1044 4134 1107 4172 curn
1120 4133 1214 4184 preca-

84 4219 207 4269 n.lextr.
221 4220 356 4284 (append.
373 4233 435 4284 pag.
449 4213 489 4270 60
501 4219 623 4283 extr.)-
659 4240 671 4260 ·÷
684 4218 807 4268 tionibus
833 4217 1010 4270 adhiberetur
1037 4238 1049 4260 n
1076 4215 1213 4281 (Append.

85 4313 208 4369 Errscbius
232 4333 341 4383 quoque
367 4316 403 4368 Η.
430 4315 464 4368 Ε.
492 4316 552 4367 VII.
577 4318 592 4366 2
617 4332 622 4365 :
659 4329 721 4380 pag.
734 4309 782 4368 tr).

86 4405 219 4470 “Antiqua
237 4408 295 4470 (ait)
312 4407 481 4459 consuetudo
504 4407 624 4458 invalue-
692 4409 721 4470 (a)
735 4404 790 4455 Cfr.
805 4405 877 4454 infra
888 4403 952 4470 Cap.
967 4401 1011 4453 lV.
1026 4401 1060 4452 N.
1073 4402 1097 4452 2.

87 4496 154 4560 rrat,
178 4497 258 4549 utin
287 4497 446 4560 hujusmodi
469 4495 628 4548 hominibus
