3180 5134
486 485 595 532 iussis.
621 485 656 530 os
678 484 846 533 ulasoliio.
868 474 925 527 VI.
1244 471 1283 529 llil

125 653 305 712 chritudinis
315 654 365 712 ubi
379 654 441 724 ipse
451 652 537 708 modo
548 649 740 723 requiescit...
757 651 867 708 lodoin
878 651 998 708 boream
1009 651 1169 710 sursumln
1180 654 1281 710 monte

127 753 248 810 basilica
267 756 297 810 S.
314 751 464 825 Hippolyti
483 750 529 808 est
542 751 591 808 ubi
605 750 666 823 lpse
680 764 748 808 oum
767 749 880 807 familia
892 763 948 808 sua
967 749 1031 807 tota
1044 753 1149 808 XVIIII
1169 750 1281 823 maity·

126 853 279 925 resjaoet.
297 878 311 902 n
326 849 363 926 (ι)

167 987 241 1054 60.
274 990 314 1047 In
344 989 463 1047 Indice
491 986 655 1044 oleorum
683 1000 753 1057 quw
780 987 905 1058 oollepit
937 983 1076 1044 Joonnes
1104 985 1204 1044 Albos
1231 985 1278 1060 (a).

127 1119 140 1142 a
154 1097 199 1153 Sol
214 1095 308 1166 Systi,
324 1093 372 1150 Soi
386 1091 535 1158 Laurenti,
551 1091 579 1148 S.
591 1089 731 1160 Yppoliti.
748 1114 762 1138 n
774 1089 810 1161 (a)

168 1221 237 1288 61.
266 1227 307 1285 In
336 1225 473 1283 Notitia
500 1226 699 1297 portarum,
730 1225 884 1293 olorum,
915 1225 1154 1284 ecelesiarum
1183 1229 1280 1286 oiroe

126 1332 247 1389 urbem
267 1334 418 1396 Romam,
445 1329 1019 1401 eW1u1suuollsuusssua1sas1(l).
1041 1352 1055 1376 u
1078 1331 1168 1388 Sexta
1192 1333 1280 1403 porta

126 1429 155 1484 et
170 1430 220 1486 via
240 1429 442 1496 Tiburtius...,
452 1427 542 1498 Juxta
554 1425 631 1483 hano
643 1428 723 1484 viam
733 1427 815 1497 Jaeet
829 1429 857 1484 S.
877 1428 1054 1484 Laurentius
1075 1429 1105 1484 in
1118 1443 1173 1485 sua
1187 1430 1279 1486 eccle·
1379 1447 1382 1452 ·

124 1525 214 1617 slew:
230 1527 313 1582 etibi
329 1542 385 1582 non
399 1526 486 1596 longe
506 1523 627 1595 ipolitus
646 1524 694 1581 vel
708 1525 830 1580 basilica
850 1527 878 1581 S.
901 1525 1037 1595 ippolyti,
1060 1526 1111 1582 ubi
1130 1527 1192 1597 ipse
1209 1541 1277 1584 oum

126 1625 239 1680 familia
258 1637 313 1682 sue
332 1623 448 1696 pausat,
462 1623 491 1678 id
505 1623 551 1679 est
564 1638 640 1680 xiuu
657 1624 711 1694 (ol.
727 1623 847 1695 xxviii).
868 1623 905 1680 Et
923 1624 963 1681 ibi
982 1627 1172 1696 requiescunt
1191 1626 1278 1683 beata

125 1721 287 1792 Triphonia
297 1735 374 1778 uxor
384 1721 464 1778 Decii
478 1721 507 1777 et
522 1721 581 1776 lilia
594 1721 658 1791 ejus
669 1721 770 1778 cirilla
783 1721 813 1778 et
826 1722 989 1780 Concordia
1005 1723 1107 1780 nutrix
1120 1725 1194 1795 eJus.
1212 1751 1225 1774 n
1240 1726 1276 1798 (a)

168 1851 238 1916 62.
271 1857 310 1914 In
334 1857 581 1927 l'opographia
609 1857 828 1914 Einsidlensi
858 1857 903 1931 (o).
937 1883 950 1906 u
984 1863 1014 1916 ln
1045 1860 1093 1916 via
1122 1861 1276 1917 Tiburtina

126 1959 199 2016 soris
217 1976 338 2019 murum
361 1963 391 2018 in
415 1963 537 2019 sinistra
559 1965 589 2018 S.
614 1961 733 2032 Ypoliti,
760 1963 789 2019 in
813 1963 937 2021 dextera
959 1967 989 2020 S.
1015 1966 1176 2024 Laurentii.
1200 1990 1213 2014 n
1238 1965 1275 2040 (a)

151 2243 177 2296 (ll
191 2241 252 2288 ibid.
266 2255 290 2300 p.
305 2247 352 2289 178.
736 2246 764 2298 (5)
777 2243 840 2290 ibid.
855 2255 879 2300 p.
894 2247 942 2290 llll.

150 2323 178 2378 (s)
192 2322 318 2370 Exti-‚seo
331 2324 373 2372 v1.
386 2325 446 2372 vid.
459 2324 519 2371 ibid.
533 2337 556 2382 p.
572 2327 620 2371 133.
736 2325 764 2380 (a)
774 2325 838 2372 Post
855 2325 923 2372 med.
941 2337 991 2372 seo.
1009 2325 1077 2372 vill.
1096 2353 1122 2360 -
1142 2327 1198 2375 Vid.
1212 2327 1273 2375 ibid.

150 2401 352 2462 mmpm
710 2409 798 2463 pm

150 2475 939 2546 mumumm-mfflamfflpm

123 2569 354 2628 mmfflm
