3132 5140
701 1178 941 1269 CAPUT
986 1178 1092 1260 III.

431 1460 477 1514 DE
498 1461 541 1515 llS
562 1461 646 1524 QL'AE
667 1463 749 1516 nom
770 1465 963 1519 CALLISTUS
985 1465 1140 1520 SUMblUS
1164 1465 1363 1519 PONTIFEX.

368 1954 400 2035 l.
428 1959 617 2062 Imprimis
644 1961 944 2038 advertendum:
970 1969 1005 2038 10
1023 1962 1081 2038 Ex
1105 1962 1151 2038 iis
1177 1986 1261 2062 quae
1280 1961 1472 2039 invidiose

315 2089 452 2191 saepius
471 2093 604 2196 repetit
622 2094 851 2196 Hippolptus
880 2099 916 2194 (ι)
936 2096 1028 2172 satis
1047 2095 1174 2195 colligi
1195 2119 1373 2194 magnam
1393 2095 1468 2172 sibi

314 2225 480 2303 fidelium
498 2227 793 2305 benevolentiam
819 2229 1039 2306 conciliasse
1060 2229 1273 2306 Callistum.
1294 2236 1334 2305 2⁰
1353 2231 1466 2308 Nihil

312 2364 357 2439 de
379 2365 459 2465 ejus
480 2365 639 2466 privatis
661 2367 827 2442 moribus
853 2367 997 2442 sinistri
1022 2365 1167 2454 referri,
1187 2363 1283 2440 nihil
1309 2365 1354 2441 de
1378 2367 1464 2467 ejus

312 2497 498 2598 superbia,
519 2497 564 2572 de
581 2499 661 2598 ejus
680 2497 799 2588 fastu;
819 2525 939 2601 neque
958 2498 1289 2601 intemperantiam
1308 2502 1344 2573 et
1358 2497 1462 2574 soln-

309 2631 443 2707 tiorem
473 2631 624 2708 vivendi
649 2632 800 2708 modum
827 2633 882 2709 illi
910 2633 1056 2710 affinxit
1086 2631 1327 2734 Hippolytus.
1361 2631 1460 2718 Quae

309 2765 436 2841 omnia
453 2765 580 2841 eodem
599 2767 723 2844 seculo
750 2768 861 2865 (cirea
887 2793 948 2844 an.
970 2771 1053 2866 270)
1073 2766 1111 2856 in
1130 2763 1253 2841 Paulo
1281 2765 1457 2841 Samosa-

309 2903 394 2974 teno
414 2902 592 2976 notarunt
614 2901 748 2978 Patres
775 2901 934 2979 Consilii
960 2899 1184 2977 Antiocheni
1203 2902 1257 2996 (2),
1278 2923 1396 2999 neque
1414 2897 1457 2973 in

308 3031 465 3110 Callisto
503 3039 632 3111 notare
670 3036 855 3112 omisisset
890 3035 1135 3138 Hippolytus,
1170 3033 1200 3109 si
1236 3032 1320 3133 quis
1354 3033 1455 3131 ejus-

307 3167 406 3244 modi
425 3169 724 3246 accusationibus
742 3170 846 3246 locus
864 3169 1007 3245 fuisset.

357 3343 393 3425 2.
419 3349 553 3427 Multis
574 3357 700 3429 tamen
722 3333 937 3453 ceteroquin
962 3351 1175 3427 nominibus
1202 3376 1288 3426 eum
1309 3351 1449 3450 arguit.

308 3482 497 3559 NJmmm

357 3641 388 3704 1.
423 3621 556 3723 Carpit
586 3619 692 3696 illum
723 3619 819 3721 quod
848 3622 954 3697 varie
980 3623 1017 3696 et
1042 3619 1195 3696 subdole
1222 3620 1341 3720 egerit
1365 3645 1454 3696 cum

306 3757 480 3838 Sabellio.
510 3755 581 3832 Sed
595 3779 641 3830 ex
664 3756 710 3830 iis
729 3757 875 3856 quaeda
894 3756 964 3831 hac
983 3781 1022 3832 re
1041 3754 1164 3842 habet,
1190 3755 1280 3830 satis
1294 3761 1454 3857 apparet

305 3895 506 3975 Callistum
523 3917 607 3968 cunr
628 3892 789 3970 Sabellio
811 3893 932 3994 egisse
957 3893 1067 3970 solito
1086 3893 1450 3995 sapientissimorum

305 4028 534 4108 Pontificum
547 4051 662 4116 more,
679 4027 742 4128 qui
757 4032 924 4105 errantes
939 4029 977 4103 in
991 4027 1063 4103 fide
1075 4027 1315 4129 persuasione
1326 4029 1451 4130 primo

334 4329 364 4388 (rt
384 4347 396 4368 u
418 4326 486 4376 Erat
503 4325 587 4390 igitur
602 4325 816 4390 praestigiator...
836 4348 847 4362 w
915 4331 945 4384 (a)
959 4327 993 4377 ln
1005 4340 1055 4376 sua
1065 4325 1151 4390 Epist.
1166 4323 1266 4388 Synod.
1281 4337 1325 4388 ap.
1343 4325 1449 4380 Eusns.

298 4415 416 4481 (I’bilos.
437 4413 483 4464 IX.
505 4414 533 4464 12
552 4413 622 4464 med.
644 4414 767 4478 Append.
789 4429 852 4480 pag.
888 4413 923 4466 Η.
938 4413 973 4466 Ε.
991 4415 1051 4465 Vll.
1070 4416 1101 4466 30
1119 4415 1163 4480 (P.
1178 4415 1209 4465 G.
1227 4414 1245 4463 t.
1260 4413 1321 4464 XX.
1336 4429 1362 4479 p.
1377 4419 1451 4480 709).

300 4509 337 4568 48
348 4513 411 4576 post
434 4512 517 4576 mad.)
533 4513 560 4564 et
575 4513 666 4564 catara
686 4513 852 4576 hujnsmodi.
