3132 5140
284 404 342 462 lul
558 417 628 464 urss.
652 418 689 464 rr.
713 419 750 464 or
770 419 868 466 iocus.
891 420 958 465 nov.
982 419 1146 466 cruusruu.

333 589 370 692 33
394 595 433 668 2⁰
460 589 546 666 Non
574 587 686 665 valde
715 589 844 666 mitem
870 591 986 667 fuisse
1017 588 1307 690 Carpophorum
1340 590 1451 666 satis

281 732 436 831 apparet
453 752 498 802 ex
516 724 664 801 saevitia
680 749 756 827 qua
777 724 889 826 paulo
907 728 1099 827 posterga
1117 721 1320 801 Callistum
1339 748 1449 800 usus

280 867 349 953 est,
372 887 489 965 quum
506 859 649 938 scilicet
666 884 752 935 eum
776 859 905 962 efuga
928 861 1135 934 retractum
1160 855 1366 933 detruserit
1397 857 1447 932 in

279 1001 480 1104 pistrinum
501 1029 509 1074 :
529 1022 614 1099 quae
631 996 794 1073 conditio
809 995 1022 1074 miserrima
1035 998 1129 1083 erat,
1146 999 1188 1071 ut
1205 994 1371 1070 habetur
1387 1021 1445 1071 ex

277 1136 586 1240 descriptionibus
603 1139 787 1223 veterum,
807 1138 844 1212 et
867 1134 1059 1212 adomino
1084 1133 1305 1222 christiane,
1328 1159 1440 1234 prae-

276 1273 405 1350 sertim
439 1296 546 1348 servo
581 1271 671 1347 itam
705 1269 928 1357 christiano,
965 1267 1107 1371 imponi
1141 1266 1306 1368 potuisse
1343 1267 1440 1343 sine

276 1407 384 1508 gravi
402 1404 526 1508 culpa,
541 1405 607 1481 vix
625 1405 824 1507 quisquam
841 1404 1051 1481 crediderit.
1069 1403 1179 1480 Unde
1197 1401 1289 1478 satis
1302 1403 1437 1504 expli-

275 1544 382 1618 catur
394 1543 516 1616 metus
535 1537 682 1617 Callisti
696 1543 782 1640 post
797 1539 1027 1642 deperditam
1045 1537 1186 1614 domini
1205 1535 1432 1638 pecuniam,

274 1676 422 1754 acinde
438 1677 519 1776 ejus
536 1675 640 1774 fugo.
777 1667 785 1684 '
1112 1690 1118 1696 ·

323 1857 362 1940 4·
387 1867 427 1938 3⁰
453 1858 628 1938 Gratuito
646 1857 825 1960 supponit
840 1857 1068 1960 Hippolytus
1093 1857 1294 1936 Callistum
1321 1858 1431 1936 desi-

272 1994 389 2072 luisse
405 2019 425 2070 e
443 1993 545 2082 navi,
561 2017 636 2069 non
653 1992 701 2068 ad
720 1993 960 2093 quaerendam
972 1990 1098 2094 aliquo
1116 1993 1224 2070 modo
1239 1990 1427 2078 salutern,

231 2166 243 2174 ·
272 2129 334 2205 sed
349 2128 396 2205 ad
414 2127 662 2228 abjiciendam
674 2126 794 2202 vitam
812 2157 819 2202 :
836 2127 933 2202 unde
950 2127 1050 2202 enim
1064 2127 1100 2203 id
1120 2127 1216 2203 scire
1228 2127 1428 2228 potuerit.2

321 2313 359 2398 5.
385 2333 438 2396 11.
469 2314 601 2402 Quoad
625 2313 843 2402 secundum,
870 2315 1156 2415 praenotandum
1177 2322 1232 2392 est
1249 2347 1256 2392 ε
1272 2349 1310 2396 a.
1329 2316 1425 2418 plu-

268 2451 407 2527 rimum
435 2446 650 2525 interfuisse
680 2447 919 2524 inimicorum
946 2447 1095 2525 Callisti
1126 2449 1299 2550 martyrii
1330 2448 1425 2527 lau-

265 2584 348 2660 dem
378 2584 449 2687 ipsi
469 2583 683 2685 praeripere.
712 2597 746 2662 b.
778 2584 864 2660 Non
890 2585 945 2660 ita
970 2609 993 2660 a
1021 2583 1320 2661 dissimulatione
1345 2589 1422 2663 ab·

264 2717 455 2794 horruisse
470 2716 770 2820 Carpophorum,
786 2723 829 2796 ut
841 2718 1034 2820 colligitur
1047 2745 1093 2796 ex
1111 2745 1153 2798 eo
1168 2721 1265 2823 quod
1279 2747 1422 2801 coram

262 2852 448 2929 Fusciano
465 2851 641 2953 praelecto
659 2854 812 2954 negarit
829 2853 1030 2932 Callistum
1048 2881 1128 2932 esse
1140 2856 1416 2950 christianum,

261 2987 351 3065 dum
367 2993 493 3066 tamen
510 2995 621 3068 autea
642 3027 657 3055 α
682 2991 730 3080 ei,
750 2993 889 3088 quippe
914 2994 1031 3085 fideli,
1051 2993 1214 3096 pretium
1232 3021 1305 3072 nou
1325 3021 1420 3098 par-

261 3147 352 3199 vum
369 3125 599 3201 concredidit
618 3162 634 3192 a
657 3127 707 3224 ().
840 3175 844 3184 ·

312 3307 351 3391 u.
377 3312 477 3400 Jam,
493 3312 525 3387 si
538 3305 822 3391 consideramus
842 3317 942 3394 nuda
957 3317 1062 3395 facta
1075 3344 1160 3420 quae
1175 3321 1416 3424 Hippolytus

258 3469 304 3522 ex
317 3444 498 3521 relatione
516 3445 752 3550 Carpophori
766 3453 803 3526 et
816 3449 979 3528 aliorum
997 3453 1152 3554 accepit,
1173 3453 1265 3531 illud
1280 3456 1414 3539 solum

257 3580 450 3669 hahemus
475 3561 852 3664 Callistum'sabhato
876 3587 990 3666 ivisse
1012 3591 1059 3666 ad
1083 3615 1315 3693 synagogam
1337 3597 1416 3675 Ju-

255 3714 422 3792 daeorum
448 3720 484 3793 et
509 3717 555 3792 ab
581 3716 641 3793 his
666 3719 851 3798 afflictum
877 3724 1109 3813 verberibus,
1137 3725 1269 3803 deinde
1294 3730 1412 3808 abre-

254 3859 361 3957 ptum
395 3881 475 3932 esse
503 3856 550 3932 ad
579 3857 746 3936 tribunal
776 3861 956 3938 Fusciani
987 3866 1024 3939 et
1053 3869 1271 3942 accusatum
1301 3873 1414 3969 quod

253 4015 384 4069 eorum
415 3990 509 4067 ritus
540 3989 733 4092 religiosos
763 3997 989 4072 turbasset:
1019 4021 1135 4097 quare
1165 4001 1415 4086 severissime

213 4151 217 4156 ·
253 4152 339 4206 eum
356 4127 550 4205 damnavit
567 4129 787 4208 Fuscianus
879 4225 885 4234 .

282 4428 311 4492 (r)
322 4427 446 4492 Appoud.
460 4441 522 4493 pag.
536 4424 575 4482 4⁰
585 4431 654 4482 extr.
