3180 5134
389 415 424 473 iu
865 423 983 470 terrun.
1007 417 1047 468 Ε

387 595 602 654 sacramentum
619 593 719 651 sordes
731 591 840 649 veteris
857 591 983 648 hominis
999 591 1127 660 abluere,
1142 593 1263 664 antiqua
1279 593 1378 652 mortis
1392 593 1500 666 peccate

387 696 505 760 donare,
519 693 739 766 regeneratione
756 690 868 748 coelesti
886 691 963 746 filios
979 691 1030 746 Dei
1047 691 1153 760 lacere,
1168 693 1204 748 ad
1219 693 1359 751 aternam
1370 695 1453 750 vitam
1465 693 1500 748 di-

387 793 447 848 vini
458 793 568 848 lavacri
581 787 811 848 sanctificatione
819 799 968 858 reparare.
981 785 1035 853 Qui
1046 789 1088 844 sic
1097 802 1204 858 magna
1213 790 1243 845 et
1252 790 1380 847 ccelestia
1392 803 1500 846 munera

386 889 531 948 haereticis
550 887 681 946 concedit
701 884 866 950 attribuit,
887 884 956 955 quid
976 885 1055 940 aliud
1074 887 1136 955 agit
1154 900 1242 957 quam
1262 885 1449 943 communicat
1464 884 1500 940 eis

385 988 489 1060 quibus
506 987 621 1044 tantum
639 984 743 1055 gratiae
761 981 888 1039 defendit
900 997 935 1038 ac
948 982 1092 1039 vindicati
1111 983 1147 1040 nt
1164 984 1347 1056 trustraJ'am
1359 984 1464 1041 dubitet
1475 983 1499 1036 in

386 1085 491 1141 ceteris
509 1098 624 1154 quoqne
642 1081 808 1140 consentire
824 1081 866 1136 eis
883 1079 913 1136 et
928 1080 1073 1151 particeps
1092 1095 1165 1146 esse,
1183 1082 1263 1139 utet
1282 1083 1367 1139 simul
1385 1095 1446 1137 cum
1464 1079 1499 1133 eis

386 1181 551 1248 conveniat,
562 1180 592 1236 et
604 1179 751 1236 orationes
764 1177 875 1248 pariter
887 1191 955 1232 cum
967 1174 1076 1233 eisdem
1090 1177 1220 1244 misceat,
1232 1178 1262 1235 et
1276 1179 1368 1236 altare
1379 1191 1411 1234 ue
1423 1174 1499 1232 sacri-

385 1278 483 1335 llcium
496 1291 649 1334 commune
662 1271 832 1331 cohstituet.

426 1402 467 1457 18.
485 1425 498 1446 n
514 1398 569 1455 Sed
581 1401 611 1455 in
623 1397 759 1464 multum,
771 1395 875 1466 inquit,
889 1395 1004 1466 proilcit
1017 1411 1122 1453 nomen
1136 1397 1243 1454 Christi
1257 1398 1294 1454 ad
1308 1399 1390 1454 fidem
1401 1397 1429 1454 et
1440 1397 1498 1464 bap·

384 1497 463 1556 tismi
482 1495 752 1561 sanctificationem,
766 1494 799 1550 ut
812 1495 986 1564 quicumque
999 1495 1029 1550 et
1041 1494 1215 1566 ubicumque
1235 1497 1265 1552 in
1280 1497 1391 1553 nomine
1403 1492 1496 1550 Christi

384 1595 544 1666 baptizatus
563 1593 661 1661 iherit,
682 1592 878 1662 consequatur
901 1592 1001 1648 statim
1024 1594 1150 1662 gretiam
1172 1593 1290 1658 Christi,
1312 1592 1421 1664 qnando
1438 1589 1496 1645 huic

384 1692 448 1748 loco
462 1690 592 1749 breviter
605 1690 721 1747 occurri
733 1689 826 1760 possit
839 1689 869 1745 et
881 1688 938 1745 dici
949 1691 1085 1760 qnoniam
1095 1692 1120 1748 si
1133 1693 1164 1746 in
1176 1694 1292 1748 nomine
1305 1691 1405 1749 Christi
1415 1687 1497 1744 valuit

385 1789 456 1846 foris
478 1788 623 1860 baptisma
638 1787 675 1844 ad
694 1786 841 1843 hominem
860 1787 1054 1858 purgandum,
1070 1789 1100 1844 in
1119 1789 1250 1860 ejnsdem
1270 1791 1373 1848 Christi
1394 1787 1495 1844 nomine

384 1887 484 1944 valere
504 1887 565 1943 illic
583 1885 678 1958 potuit
691 1885 721 1942 et
733 1899 836 1942 manus
856 1886 1002 1956 impositio
1015 1886 1051 1942 ad
1070 1887 1271 1958 accipiendum
1285 1887 1417 1958 Spiritum
1436 1887 1495 1940 san·

383 1984 472 2042 otum.
495 1983 681 2055 Etincipient
700 1983 799 2040 cetere
812 1997 927 2053 quoque
947 1998 1013 2053 quae
1029 1985 1105 2054 apud
1124 1985 1278 2042 haereticos
1297 1986 1417 2058 aguntur
1424 1983 1494 2054 iustu

383 2083 413 2140 et
424 2083 555 2154 legitima
566 2082 670 2148 videri,
681 2081 796 2152 quando
809 2081 839 2136 in
852 2081 969 2136 nomine
982 2081 1087 2137 Christi
1101 2083 1251 2152 gerantur,
1264 2083 1416 2140 secundum
1428 2076 1492 2149 quod

382 2195 435 2236 vos
451 2180 480 2236 in
497 2179 621 2250 epistola
637 2178 737 2234 vestra
756 2177 887 2234 exsecuti
906 2177 976 2234 estis
996 2193 1052 2234 non
1072 2180 1128 2236 nisi
1148 2180 1177 2236 in
1195 2181 1319 2238 ecclesie
1335 2181 1394 2238 sola
1408 2176 1493 2233 velere

383 2293 469 2349 posse
491 2273 596 2334 nomen
618 2275 740 2342 Christi,
764 2277 811 2333 cui
832 2277 882 2332 uni
904 2277 1081 2334 concesserit
1102 2277 1234 2335 Christus
1260 2279 1385 2336 coelestis
1404 2271 1493 2347 gratiae

383 2376 566 2449 potestatem.

420 2509 461 2564 19.
485 2533 498 2556 ..
513 2507 593 2573 Quod
607 2506 704 2564 antem
718 2504 845 2578 pertinet
856 2505 893 2563 ad
906 2504 1146 2563 consuetudinem
1158 2506 1353 2574 refutandam,
1367 2517 1445 2577 quam
1456 2499 1491 2554 ri·

380 2605 486 2661 dentur
499 2621 644 2677 opponere
653 2604 781 2670 veritati,
793 2605 858 2674 quis
867 2605 929 2662 tam
939 2619 1036 2661 vanus
1044 2605 1083 2662 sit
1092 2605 1126 2661 nt
1139 2605 1256 2662 veritati
1270 2603 1490 2662 consuetudinem

378 2701 591 2784 praesumtum
608 2703 657 2773 qui
674 2701 826 2772 perspecta
842 2703 909 2758 luce
929 2703 1064 2759 tenebras
1077 2719 1135 2760 non
1154 2703 1351 2774 derelinquatl
1369 2701 1423 2758 Nisi
1435 2697 1455 2754 si
1467 2693 1491 2750 et

287 2837 297 2864 ,
377 2797 493 2854 Judeeos
512 2798 626 2855 Christo
645 2797 830 2862 adventante,
852 2797 881 2854 id
902 2798 956 2864 est,
970 2797 1112 2875 peritate,
1132 2798 1253 2869 adjuvat
1270 2801 1299 2855 in
1318 2800 1409 2869 nliquo
1426 2790 1489 2849 enti·

377 2896 517 2965 quissima
532 2896 720 2960 consuetudo,
735 2894 811 2966 quod
825 2894 928 2952 relicta
942 2909 1020 2951 nova
1033 2895 1166 2952 veritatis
1178 2896 1229 2951 vie
1241 2895 1271 2952 in
1285 2895 1425 2970 ¹vetustate
1436 2902 1488 2961 per

376 2993 545 3050 manserint.
561 2993 641 3059 Quod
654 2993 769 3063 quidem
779 2993 919 3050 adversus
931 2993 1110 3064 Stephanum
1122 3009 1176 3050 vos
1186 2993 1285 3050 dicere
1298 2995 1358 3052 Alli
1372 2989 1485 3066 potestis.

376 3094 492 3165 cognita
512 3093 637 3151 veritate
654 3108 785 3151 errorem
805 3109 858 3150 vos
878 3094 1095 3151 consuetudinis
1115 3096 1280 3166 reliquisse.
1297 3097 1425 3153 Ceterum
1444 3101 1487 3146 nus
1551 3161 1552 3171 ἵ

376 3190 494 3248 veritati
506 3189 535 3248 et
545 3191 783 3249 consuetudinem
791 3193 958 3265 jungimus,
973 3193 1003 3250 et
1013 3193 1216 3251 consuetudini
1230 3196 1419 3252 Romanorum
1431 3201 1488 3244 con·

377 3288 570 3356 suetudinem,
584 3289 634 3346 sed
653 3289 798 3357 veritatis,
818 3291 1000 3362 opponimus,
1019 3291 1055 3347 ab
1073 3293 1157 3350 initio
1176 3292 1232 3350 hoc
1248 3293 1378 3350 tenentes
1395 3285 1487 3361 quoda

377 3388 490 3445 Christo
503 3387 533 3445 et
543 3388 579 3444 ab
592 3387 730 3459 apostolis
742 3388 884 3448 traditum
897 3391 951 3448 est.
964 3394 1023 3447 Nec
1035 3393 1221 3450 meminimus
1234 3393 1290 3450 hoc
1302 3393 1376 3465 apud
1386 3405 1432 3447 nos
1443 3386 1485 3442 ali-

376 3485 491 3556 quando
511 3485 642 3556 coepisse,
662 3500 729 3541 cum
748 3501 863 3556 semper
882 3487 948 3544 istic
967 3489 1156 3547 observatum
1174 3491 1213 3547 sit
1231 3491 1265 3548 ut
1283 3491 1393 3548 nonnisi
1410 3497 1483 3544 unam

375 3582 426 3638 Dei
438 3581 590 3637 ecclesiam
604 3595 754 3638 nossemus
767 3583 797 3640 et
809 3585 943 3642 sanctum
957 3586 1102 3657 baptisma
1120 3589 1233 3645 nonnisi
1252 3591 1360 3646 sanetae
1372 3583 1484 3644 eccleslae
1549 3577 1550 3591 ¹

376 3678 620 3748 computaremus.
634 3679 723 3735 Plane
736 3683 872 3750 quoniam
885 3682 1004 3754 quidam
1016 3684 1053 3741 de
1066 3699 1169 3742 eorum
1182 3685 1326 3757 baptismo
1335 3675 1485 3742 dubitabant
1548 3739 1549 3746 ,

375 3777 425 3848 qui
444 3776 497 3833 etsi
520 3791 577 3832 non
595 3775 629 3832 ut
650 3791 702 3833 nos
724 3778 881 3849 prophetas
903 3781 1059 3852 recipiunt,
1079 3782 1197 3838 eosdem
1217 3783 1316 3839 tamen
1336 3781 1441 3838 Putrem
1459 3773 1483 3828 et
1548 3765 1549 3799 ³

375 3873 478 3929 Filium
491 3887 575 3930 nosse
588 3874 738 3931 nobiscum
752 3875 898 3943 videntur,
914 3878 1032 3947 plurimi
1047 3877 1134 3934 simul
1145 3881 1350 3938 convenientes
1362 3881 1389 3934 in
1402 3872 1481 3932 leonio

374 3970 591 4042 diligentissime
603 3971 794 4028 tractavimus
817 3973 847 4029 et
863 3974 1101 4034 confirmavimus
1118 3976 1329 4049 repudiandum
1342 3991 1401 4036 esse
1411 3982 1481 4030 omne
1547 3989 1548 4002 ¹

374 4069 517 4140 baptismo
529 4069 605 4141 quod
618 4069 656 4126 sit
668 4069 753 4127 extra
763 4072 917 4130 ecclesiam
930 4075 1132 4133 constitutum.

1546 4169 1547 4219 l

409 4297 453 4351 21.
472 4320 484 4339 κ
499 4295 571 4361 Quid
584 4309 664 4366 ergo,
679 4297 823 4367 inquiunt,
838 4299 888 4355 liet
900 4299 936 4355 de
949 4300 994 4357 his
1007 4301 1056 4370 qui
1070 4302 1106 4356 ab
1119 4303 1265 4360 haereticis
1278 4303 1417 4362 vanientes
1428 4299 1478 4354 sine

373 4393 502 4450 ecclesiae
522 4393 664 4464 baptismo
682 4396 800 4454 admissi
814 4399 899 4455 suntl
918 4398 948 4454 Si
963 4398 999 4455 de
1016 4400 1124 4457 saeculo
1142 4403 1341 4470 excesserunt,
1354 4402 1381 4456 in
1392 4403 1477 4454 eorum
1545 4349 1546 4429 i
