3154 5134
285 432 350 479 cm.
373 433 411 478 iv.
435 433 471 478 ne
491 429 562 477 lans
583 429 739 476 oenomaus
760 429 896 504 opsiano
919 428 1081 476 irrorans.
1206 415 1264 475 ‘263

119 600 197 702 ipsa
223 625 279 689 re,
306 603 406 676 certe
430 598 643 700 Cyprianus
666 597 704 671 et
728 594 975 672 Firmilianus
1000 619 1199 696 nusquam,
1225 596 1263 672 in

117 734 273 836 prolixis
318 733 364 810 iis
398 732 563 834 epistolis
612 730 675 808 ubi
710 729 974 807 auctoritatem
1009 727 1147 804 decreti
1182 729 1261 806 Ste-

99 869 229 970 nphani
259 870 432 946 omnibus
455 869 572 946 modis
597 869 832 972 impugnant,
858 863 919 940 vel
946 863 1102 940 minimo
1124 863 1261 942 indicio

116 1005 378 1106 significarunt
400 1029 438 1082 se
462 1005 543 1082 ideo
567 1031 675 1108 posse
692 1004 877 1084 abstinere
898 1001 945 1076 ab
963 998 1187 1076 adhaerendo
1204 999 1260 1076 illi

114 1139 201 1240 quia
236 1165 314 1217 non
350 1140 441 1218 satis
475 1139 630 1216 solemni
662 1141 737 1217 ritu
769 1140 889 1215 latum
924 1138 1020 1211 essct
1053 1136 1120 1210 aut
1154 1133 1259 1211 dubi-

114 1277 195 1349 tare
219 1299 314 1350 num
341 1274 553 1376 Stephanus
579 1301 670 1352 usus
694 1278 791 1351 esset
820 1271 921 1350 omni
944 1293 1013 1347 sua
1036 1268 1261 1346 auctoritate

113 1407 331 1506 apostolica.

165 1591 201 1676 7.
218 1600 242 1675 J
246 1624 308 1676 am
323 1606 366 1677 ut
379 1599 442 1676 via
459 1602 649 1676 sternatur
662 1585 709 1675 ad
724 1598 822 1674 hano
841 1595 1115 1685 difficultatem,
1137 1596 1260 1698 prima

114 1733 236 1831 specie
272 1734 363 1812 adeo
400 1759 568 1836 gravem,
604 1735 753 1837 penitus
790 1733 1020 1821 solvendam,
1059 1731 1259 1811 recoluisse

114 1867 235 1966 primo
249 1869 400 1971 juvabit
417 1895 501 1971 quae
522 1869 747 1946 illustriores
765 1870 957 1971 primaevae
975 1866 1077 1944 illius
1096 1867 1258 1969 antiqui-

113 2003 201 2079 tatis
229 2006 364 2082 Patres
389 2009 501 2082 antea
530 2004 829 2107 praedicaverant
853 2004 899 2079 de
924 2001 1031 2078 Petri
1055 2005 1091 2078 et
1114 2003 1194 2102 ejus
1218 2002 1257 2078 in

114 2139 270 2218 ecclesia
287 2141 463 2219 Romana
480 2165 735 2218 successorum
749 2139 915 2242 primatu
928 2141 965 2214 et
978 2139 1252 2240 praerogativis.

115 2277 187 2355 Ubi
202 2280 350 2357 omissis
370 2279 561 2356 nonnullis
575 2279 683 2356 lactis
697 2279 831 2382 quibus
849 2276 1053 2355 auctoritas
1072 2278 1256 2356 Romame

114 2412 209 2490 sedis
237 2414 275 2489 in
301 2413 518 2491 universam
543 2413 738 2490 ecelesiam
770 2415 807 2489 in
839 2412 1016 2489 exercitio
1042 2413 1171 2512 agnita
1196 2414 1255 2489 de·
1357 2507 1359 2512 ,

114 2552 359 2636 monstratur,
384 2547 512 2650 qualia
533 2553 623 2626 sunt
645 2548 812 2652 epistolae
830 2573 852 2625 a
871 2547 1079 2626 Corinthiis
1100 2547 1147 2623 ad
1171 2547 1253 2626 Olc-

114 2686 273 2758 mentem
292 2682 341 2779 R.
364 2683 410 2758 P.
432 2687 469 2758 et
486 2683 532 2759 ab
555 2683 625 2759 hoc
649 2682 832 2759 Pontifice
854 2681 901 2758 ad
925 2680 1009 2757 illos
1032 2680 1180 2783 scriptae
1199 2686 1209 2782 (
1225 2687 1250 2782 ),

112 2815 266 2914 epistola
289 2817 379 2893 item
400 2817 572 2918 Dionysii
592 2817 779 2895 Corinthii
798 2817 844 2892 ad
865 2817 1035 2894 Soterem
1054 2819 1105 2914 (a),
1126 2841 1250 2893 recur-

112 2973 172 3026 sus
190 2951 396 3042 Valentini,
420 2953 615 3042 Cerdonis
639 2953 846 3030 Marcionis
865 2958 902 3029 et
919 2951 1080 3029 aliorum
1103 2952 1250 3031 haereti-

112 3107 238 3162 corum
274 3087 438 3167 Romam
472 3091 509 3186 (a)
543 3089 607 3165 ubi
645 3087 684 3163 in
722 3112 792 3164 sua
827 3086 983 3164 ecelesia
1015 3087 1250 3166 condemnati

113 3217 258 3300 fuerant
277 3229 315 3301 et
340 3224 521 3302 solemnes
544 3225 869 3302 condemnationes
894 3249 917 3301 a
943 3225 1126 3303 Romanis
1153 3229 1252 3305 Pon-

113 3353 269 3434 tificibus
300 3365 432 3437 contra
458 3360 606 3438 eosdem
627 3360 879 3460 pronuntiatae
909 3365 960 3459 (a),
989 3361 1086 3439 ratio
1115 3364 1249 3463 agendi

142 3691 171 3754 (1)
182 3691 213 3741 Ρ.
227 3691 258 3742 G.
272 3692 291 3742 t.
306 3690 327 3742 I.
342 3705 368 3754 p.
382 3691 430 3744 200
442 3705 501 3754 sqq.
695 3693 765 3742 toste
777 3691 930 3742 Errrnasro
939 3689 1017 3743 Hoer.
1028 3694 1068 3745 30.
1081 3706 1106 3743 n.
1125 3695 1153 3744 15
1165 3695 1205 3758 (P.
1217 3695 1248 3747 G.

143 3782 171 3844 (al
180 3783 231 3847 Ap.
239 3782 341 3834 nossa.
353 3780 383 3832 Η
385 3820 390 3832 .
403 3779 437 3832 E.
449 3781 485 3832 ΙΙ.
495 3783 526 3832 24
536 3784 562 3833 et
575 3781 620 3832 lV.
635 3783 667 3832 23
701 3783 720 3832 t.
734 3781 806 3832 XLI.
823 3796 849 3845 p.
863 3782 934 3844 43013
949 3781 1107 3832 Theodotus
1123 3782 1249 3847 Byzanti·

112 3869 152 3933 (P.
166 3869 195 3922 G.
209 3873 228 3922 t.
241 3871 303 3923 XX.
317 3885 362 3936 pp.
377 3871 434 3933 209,
447 3871 504 3930 388,
518 3871 583 3934 389).
698 3884 751 3920 nus
769 3884 785 3920 a
804 3869 917 3920 Victore
936 3869 964 3921 S.
984 3871 1016 3921 P.
1034 3871 1060 3921 et
1078 3871 1251 3924 Montauistoe

143 3961 171 4025 (a)
186 3961 261 4014 lars.
279 3961 350 4012 Ado.
368 3960 446 4012 Hcer.
467 3961 517 4013 ΙΙΙ.
534 3964 549 4012 l
566 3961 608 4026 (P.
627 3961 658 4012 G.
695 3973 743 4012 seu
772 3959 960 4025 Cataphrysses
980 3975 997 4012 a
1016 3960 1170 4025 zephyrino
1189 3975 1252 4012 oon-

113 4048 199 4101 t.V11.
213 4066 258 4116 pp.
271 4053 330 4113 856,
344 4052 410 4115 857).
696 4050 820 4100 damnali
837 4051 901 4100 sunt
918 4051 1029 4112 (Eussa.
1043 4048 1080 4101 Η.
1098 4048 1133 4102 Ε.
1149 4051 1181 4101 V.
1195 4053 1251 4116 28);

143 4143 171 4200 (r)
184 4139 227 4192 Sic
237 4141 382 4192 aaronitas
393 4162 404 4182 u
416 4139 542 4192 Clemens
552 4139 662 4204 [Roma-
697 4137 835 4190 Satellius
847 4138 914 4190 item
926 4139 954 4188 et
968 4152 1065 4188 rursus
1078 4138 1252 4190 Montanistae

114 4257 124 4269 -
138 4237 227 4301 nus]...
245 4236 390 4300 redarguit
407 4236 441 4286 iis
457 4234 587 4298 Epistotr's
607 4237 660 4285 cir·
696 4235 840 4286 acallisto
850 4235 919 4294 (Otr.
930 4235 1055 4299 Append.
1067 4249 1129 4299 pag.
1143 4227 1180 4285 48
1192 4237 1254 4301 post

115 4328 272 4378 -cularibus
286 4340 347 4390 quae
364 4327 398 4376 ab
414 4339 446 4375 eo
459 4326 568 4390 scriptae
580 4325 608 4376 in
621 4339 664 4375 sa·
699 4325 770 4376 med.
785 4325 813 4374 et
822 4338 906 4388 supra
918 4337 980 4389 pag.
995 4326 1060 4386 178).

114 4415 288 4467 -crosanctis
320 4412 446 4465 ecclesiis
476 4413 617 4479 leguntur,
653 4436 665 4457 n
