3154 5134
439 453 499 500 ιιι.
524 454 564 500 ιιι.
588 453 635 502 aa.
659 455 704 502 or.
727 456 774 504 ιιι.
797 441 949 503 iio-iii.
1210 441 1268 502 519

165 630 206 714 2.
219 645 379 728 Anteros
396 638 588 716 ordinatus
606 645 662 718 est
678 640 759 719 loco
778 640 957 718 Pontiani
977 645 1021 718 21
1044 641 1268 718 Novembris

105 795 178 848 an.
205 776 282 848 235
303 777 341 849 et
364 774 459 852 sedit
482 779 629 853 tantum
655 801 774 879 usque
799 777 847 854 ad
869 781 893 854 3
915 776 1087 853 ianuarii
1105 777 1194 854 anni
1213 803 1267 854 se·

105 904 283 1004 quentis,
317 905 377 983 Ita
406 909 609 987 secundum
636 909 862 1011 Catalogum
892 909 1151 1001 Liberunum,
1180 936 1268 1013 quo

105 1062 206 1114 cum
225 1038 394 1120 hocloco
412 1042 530 1121 etalii
548 1044 626 1122 fere
642 1045 805 1146 catalogi
823 1044 1082 1144 concordant(
1100 1050 1127 1145 ).

166 1224 209 1306 3.
226 1239 418 1326 Fabianus,
431 1230 545 1333 hujus
563 1256 769 1322 successor,
785 1232 879 1310 obiit
896 1233 1104 1310 secundum
1118 1233 1265 1315 Catulo

105 1390 208 1468 gum
229 1366 472 1445 Liberianum
488 1368 548 1445 die
564 1373 608 1447 21
629 1370 805 1448 ianuarii
828 1373 865 1468 (a)
879 1395 940 1447 arr.
962 1375 1049 1459 250,
1068 1375 1266 1474 postquam

106 1499 279 1578 sedisset
295 1525 412 1579 annos
430 1502 713 1604 quatuordecim
734 1505 792 1602 (a).
819 1502 999 1604 Plerique
1015 1502 1081 1579 alii
1104 1504 1266 1606 catalogi

106 1633 289 1711 Fabiano
322 1659 441 1712 annos
469 1641 618 1714 tantum
639 1637 818 1715 tredecim
848 1639 1055 1740 assignant.
1087 1641 1266 1722 Attamen

106 1793 205 1846 eum
223 1793 323 1847 anno
339 1776 424 1861 250,
445 1798 519 1851 ιιοιι
532 1779 618 1864 249,
634 1775 784 1866 obiisse,
799 1780 937 1877 praeter
949 1776 1026 1855 alia
1042 1787 1266 1879 argumenta

106 1903 177 1980 vel
210 1903 306 1981 illud
331 1907 423 1984 satis
452 1911 683 2012 comprobat,
715 1910 813 2013 quod
839 1910 1041 2013 Philippus
1066 1913 1266 2015 imperium

106 2037 241 2115 tenuit
270 2042 460 2142 usquead
490 2068 655 2122 mensem
686 2045 886 2124 Octobrem
915 2051 1001 2137 249,
1035 2046 1097 2123 ubi
1123 2046 1160 2124 id
1191 2047 1262 2150 ipsi

107 2174 259 2276 eripuit
284 2175 436 2266 Decius,
463 2185 501 2256 et
525 2183 625 2257 certe
652 2181 722 2257 sub
749 2179 929 2282 Philippo
956 2179 1061 2257 nulla
1085 2180 1158 2258 fuit
1185 2205 1265 2283 per-

107 2312 274 2390 secutio.

197 2504 238 2587 4·
261 2507 354 2584 Post
382 2511 540 2585 mortem
575 2510 733 2587 Fabiani
763 2511 855 2587 satis
884 2510 950 2587 diu
978 2510 1131 2588 vacavit
1160 2511 1263 2588 sedes

76 2751 80 2758 Ι
108 2647 306 2725 Romana.
329 2644 413 2733 Quo
433 2649 600 2748 tempore
621 2646 815 2725 ecclesiam
833 2633 1147 2724 administrarunt
1164 2671 1264 2748 pres-

106 2780 241 2884 byteri
259 2785 297 2858 et
313 2780 473 2858 diaconi.
490 2780 593 2859 Inter
610 2807 703 2884 quos
716 2782 948 2885 praecipuum
961 2781 1087 2858 locum
1099 2781 1263 2860 tenuisse

106 2918 277 3017 Moysen
294 2921 332 2994 et
356 2917 569 2994 Maximum
587 2919 822 3020 presbyteros
844 2924 882 2995 et
899 2918 1158 2995 Nicostratum
1184 2917 1262 2995 dia-

106 3077 252 3130 conum
278 3052 405 3152 colligi
431 3057 552 3156 potest
584 3079 630 3130 ex
656 3075 710 3131 eo¹
725 3055 823 3156 quod
852 3055 893 3131 hi
919 3053 1143 3154 nominatim
1167 3054 1261 3131 indi-

107 3191 251 3266 cantur
295 3189 622 3292 comprehensio
661 3194 897 3292 persecutore
943 3192 980 3266 et
1018 3187 1064 3264 de
1103 3192 1263 3289 utroque

107 3324 333 3428 presbytero
363 3349 496 3401 rursus
529 3349 651 3401 sermo
680 3329 737 3404 est
769 3325 882 3427 paulo
917 3323 1087 3412 inferius,
1119 3323 1183 3400 ubi
1217 3323 1262 3400 de

107 3663 171 3726 ejus
187 3660 316 3724 corporis
330 3661 359 3711 in
378 3663 537 3714 coemeterio
553 3661 670 3726 Callisti,
705 3661 805 3714 nuarii.

108 3763 166 3814 quo
179 3749 345 3802 translatum
357 3752 408 3802 tuit
420 3765 433 3802 a
446 3751 576 3808 Sardinia
587 3765 671 3816 opera
736 3751 766 3816 (a)
782 3749 928 3802 Manifesta
941 3749 1033 3802 autem
1051 3750 1102 3800 sibi
1118 3750 1177 3815 ipse
1194 3764 1259 3802 con-

108 3839 231 3891 Fabiani
254 3838 322 3902 (Lib.
347 3839 429 3892 Pont.
452 3842 480 3893 in
503 3843 584 3906 hujus
605 3843 668 3893 vita.
703 3841 815 3893 tredicit
836 3842 931 3894 auctor
952 3839 1077 3906 catalogi
1098 3841 1162 3892 dum
1185 3842 1261 3894 addit

107 3929 142 3980 P.
161 3929 193 3980 L.
212 3931 231 3980 t.
250 3929 385 3983 CXXVII.
403 3947 429 3996 p.
449 3933 519 3992 1312)
534 3946 606 3983 anno
623 3933 671 3983 236
704 3945 789 3982 mnu.
813 3933 825 3982 1
844 3947 849 3982 :
868 3945 932 3984 nam
950 3931 1023 3982 inter
1040 3933 1056 3982 3
1072 3931 1187 3985 ianuar.
1205 3947 1260 3996 quo

108 4018 152 4069 vei
164 4018 375 4082 (secundumcn
384 4022 468 4073 Rossr
476 4021 529 4072 loc.
540 4022 597 4082 cit.)
611 4022 668 4073 237.
704 4021 807 4073 obiisse
823 4021 1044 4102 aitfpnterotam
1056 4023 1083 4072 et
1094 4023 1125 4072 21
1138 4024 1260 4094 ejusdpm

143 4108 177 4176 (1)
188 4110 275 4162 Pauci
284 4111 444 4163 Anterotem
452 4111 589 4163 Pontiano
599 4125 668 4176 praa-
703 4111 815 4174 mensis,
833 4103 887 4174 qui)
900 4110 1062 4176 martyrium
1079 4123 1177 4174 passus
1190 4113 1259 4164 dici-

109 4201 228 4266 ponunt,
247 4201 321 4262 quod
336 4203 395 4265 jam
415 4201 520 4253 notant
535 4201 671 4267 Georgius
704 4202 751 4252 tur
766 4201 916 4264 Fabianus,
929 4201 1065 4252 habentur
1080 4201 1189 4253 tantum
1201 4203 1260 4255 dies

109 4289 258 4354 syncellus
269 4289 329 4352 (Ed.
343 4290 431 4342 Bonn.
446 4291 466 4342 t.
480 4290 502 4341 Ι.
516 4305 542 4356 p.
555 4292 622 4357 680).
704 4292 742 4342 18.
756 4291 835 4343 Unde
844 4289 970 4341 nonnulii
979 4291 1050 4341 hanc
1062 4289 1259 4344 indicationem

143 4379 175 4447 (a)
190 4381 226 4432 In
246 4378 419 4442 Depositionc
438 4381 600 4445 Martyrum
621 4395 670 4432 an·
704 4395 788 4432 ιιιειιε.
805 4382 817 4432 1
836 4394 870 4432 ex
885 4379 1027 4431 Antarotis
1043 4377 1140 4430 notitia
1153 4381 1206 4432 huc
1223 4381 1259 4431 ir-

110 4471 259 4523 nuntietur
280 4472 340 4534 Qua
362 4471 495 4525 memoria
514 4473 549 4524 ad
569 4473 600 4524 20
622 4471 670 4523 Ja·
704 4471 824 4535 repsisse
835 4471 992 4536 opinantur.
