3180 5134
302 473 339 520 ov
358 473 497 523 corvem.
520 473 599 524 orm
621 475 780 525 mvvvsruu
800 475 1015 524 ssnmleonuu.
1195 463 1233 524 tt

99 638 194 707 vincit,
219 639 299 698 sicut
322 641 466 714 scriptum
494 645 540 704 est
566 665 573 702 :
600 645 744 705 Veritas
772 645 890 703 manet
916 645 951 704 et
978 645 1170 705 invalescit
1197 648 1231 705 in

99 736 263 794 aeternum
291 740 326 795 et
353 741 445 796 vivit
470 742 504 799 et
531 743 674 800 obtinet
701 745 735 802 ln
765 743 893 802 saecula
918 741 1137 800 saeculorum.
1163 745 1232 802 Nee

98 839 147 894 est
172 840 265 912 apud
299 855 373 898 eam
403 844 568 914 accipere
596 859 782 916 personam
810 859 872 901 nec
903 843 1139 913 differentias,
1169 847 1230 904 sed

96 951 165 1006 quta
183 939 268 996 sunt
281 939 381 1010 justa
399 939 501 1008 tecit,
520 956 582 999 nec
601 943 656 1000 est
675 943 709 1000 in
724 941 863 1013 jndicio
882 940 959 1012 ejus
977 941 1148 1010 iniquum,
1169 943 1229 1000 sed
1328 981 1330 986 -

96 1031 280 1105 tortitudo,
305 1037 340 1096 et
365 1051 526 1110 regnum,
550 1039 585 1096 et
610 1040 796 1112 maiestas,
823 1039 857 1098 et
887 1037 1047 1109 potestas
1072 1039 1228 1097 omniurn

96 1133 310 1192 seculorum.
334 1135 547 1194 Benedictus
570 1138 738 1210 Dominus
756 1140 845 1194 Deus
863 1135 1040 1194 veritatis.
1065 1137 1157 1202 Quam
1179 1151 1228 1195 ve

94 1227 208 1287 ritatem
226 1233 311 1290 nobis
330 1233 461 1291 christus
480 1234 636 1294 ostendens
654 1237 685 1292 in
704 1235 855 1306 evangelio
874 1249 928 1291 suo
942 1233 1013 1290 dicit
1033 1254 1040 1292 :
1061 1235 1133 1305 Ego
1152 1250 1226 1292 sum
1324 1285 1329 1296 .

95 1321 238 1386 veritas.
261 1332 386 1402 Propter
405 1332 481 1402 quod
502 1333 527 1389 si
539 1333 570 1389 in
590 1332 705 1390 Christo
718 1347 820 1390 sumus
835 1333 865 1390 et
878 1331 1025 1389 Christum
1038 1332 1067 1388 in
1081 1332 1162 1390 nobis
1175 1333 1225 1390 ba·

95 1421 200 1496 bemus,
215 1429 241 1484 si
254 1443 406 1487 manemus
418 1431 448 1485 in
461 1430 596 1499 veritate,
608 1432 637 1489 et
650 1431 759 1488 veritas
771 1431 802 1487 in
815 1427 897 1488 nobis
907 1428 1015 1497 manet,
1027 1443 1062 1486 ee
1075 1431 1223 1500 quaesunt

93 1533 160 1579 vera
174 1526 205 1582 et
221 1527 306 1584 recte
317 1527 479 1585 teneamus.

130 1648 170 1706 lo.
187 1674 202 1698 a
215 1649 264 1706 Fit
276 1649 377 1706 autem
393 1650 490 1708 studio
507 1650 745 1722 praesumptionis
759 1650 788 1707 et
801 1646 994 1706 contumaciae
1007 1649 1041 1704 ut
1053 1648 1117 1718 quis
1133 1649 1226 1720 magis
1335 1680 1336 1683 =

93 1757 143 1802 sua
155 1761 249 1818 prava
262 1747 294 1804 et
306 1748 381 1804 false
394 1748 530 1806 defendat
543 1765 631 1820 quam
644 1749 681 1806 ad
698 1749 822 1806 alterius
834 1747 916 1804 recta
928 1746 959 1803 et
970 1760 1042 1802 vera
1054 1747 1224 1804 consentiat.

94 1841 141 1898 cui
161 1847 206 1900 rei
229 1845 411 1916 prospiciens
433 1847 535 1904 beatus
557 1847 708 1918 apostolus
731 1846 841 1903 Paulus
860 1845 897 1901 ad
919 1845 1103 1902 Timotheum
1124 1846 1227 1904 scribit

93 1939 120 1996 et
133 1944 232 2001 monet
249 1944 417 2015 episcopum
436 1960 494 2002 non
514 1945 674 2017 litigiosum
695 1961 750 2002 neo
770 1944 997 2012 contentiosum,
1015 1943 1064 2000 sed
1080 1945 1181 2002 mitem
1196 1947 1227 2004 et

93 2035 246 2100 docibilem
268 2057 332 2100 esse
346 2045 460 2102 debere.
480 2045 616 2102 nocibilis
634 2047 735 2112 autem
750 2044 799 2101 ille
811 2045 857 2100 est
869 2044 917 2114 qul
931 2044 1025 2100 estad
1038 2044 1165 2102 discendi
1178 2061 1226 2117 pa-

91 2138 221 2198 tientiam
239 2143 314 2199 lenis
331 2145 362 2200 et
378 2143 469 2201 mitis.
487 2144 609 2216 Oportet
628 2145 706 2201 enim
722 2145 890 2216 episcopum
904 2158 962 2200 non
978 2143 1092 2200 tantum
1108 2145 1222 2214 docere,

91 2235 138 2291 sed
153 2238 182 2294 et
195 2237 324 2306 discere,
338 2238 407 2308 qula
423 2239 516 2296 atille
528 2241 633 2298 melius
646 2241 731 2298 docet
743 2241 793 2310 qui
806 2239 934 2311 quotidie
946 2241 1053 2297 crescit
1065 2243 1095 2298 et
1110 2242 1225 2312 prolicit

91 2331 222 2393 discendo
238 2337 370 2394 meliora.
389 2338 472 2404 Quod
492 2337 589 2409 ipsum
611 2353 725 2409 quoque
745 2337 822 2394 idam
843 2336 992 2408 apostolus
1012 2338 1121 2396 Paulus
1140 2339 1225 2396 docet

90 2443 270 2498 praemonens
280 2435 314 2490 ut
326 2435 351 2491 si
365 2434 415 2490 alii
428 2435 539 2492 sedenti
555 2436 660 2494 melius
676 2435 842 2493 revelatum
860 2435 960 2503 luerit,
979 2435 1059 2504 prior
1074 2435 1179 2493 taceat.
1192 2439 1223 2492 ln

91 2534 258 2603 compendio
272 2534 317 2590 est
334 2533 433 2591 autem
454 2535 532 2606 apud
548 2535 701 2606 religiosas
720 2535 750 2591 et
767 2533 913 2604 simplices
926 2533 1037 2590 mentes
1050 2534 1080 2590 et
1092 2548 1223 2591 errorem

92 2627 232 2700 deponere
247 2634 279 2690 et
297 2634 434 2691 invenire
446 2635 534 2705 atque
547 2649 652 2691 eruere
664 2633 829 2690 veritatem.
844 2635 918 2689 Nam
931 2633 956 2688 si
968 2632 1004 2688 ad
1018 2631 1123 2688 divinae
1134 2633 1223 2690 tradi-

90 2725 171 2786 tionis
185 2733 275 2802 caput
287 2731 317 2787 et
329 2731 473 2801 originem
488 2731 689 2799 revertamur,
703 2730 800 2788 cessat
813 2744 897 2786 error
909 2729 1064 2796 humanus,
1082 2729 1112 2784 et
1124 2744 1221 2786 sacra-

90 2809 252 2887 mentorum
274 2829 438 2888 coelestium
460 2831 574 2888 ratione
604 2831 775 2902 perspecte,
801 2827 940 2899 quidquid
965 2827 1019 2884 sub
1040 2826 1162 2898 caligine
1187 2843 1222 2886 ac

90 2925 159 2982 nube
177 2929 368 2986 tenebrarum
389 2929 551 2986 obscurum
579 2928 691 2985 latebat
710 2929 741 2984 in
763 2927 858 2984 lucem
879 2924 1013 2983 veritatis
1031 2925 1170 2995 aperitur.
1192 2928 1222 2984 Si

89 3025 193 3082 canalis
206 3040 315 3097 aquam
328 3026 451 3094 ducens,
466 3027 520 3098 qui
535 3026 652 3097 copiose
665 3027 746 3096 prius
762 3025 792 3080 et
807 3023 928 3094 largiter
940 3021 1112 3104 profluebat,
1126 3023 1222 3080 subito

89 3116 209 3191 deficiat,
224 3137 320 3180 nonne
334 3097 495 3179 odientem
511 3122 658 3193 pergitur,
672 3121 706 3178 ut
722 3120 782 3176 illic
798 3118 967 3175 desectionis
982 3117 1057 3173 ratio
1071 3118 1220 3186 noscatur,

89 3213 221 3276 utrumne
233 3220 433 3277 arescentibus
446 3221 529 3277 vonis
543 3221 573 3276 in
593 3219 689 3289 capite
703 3218 782 3274 unda
794 3217 959 3283 siccaverit,
974 3229 1011 3272 an
1024 3230 1094 3272 vero
1107 3216 1222 3288 integra

89 3311 150 3370 inde
166 3319 196 3374 et
211 3319 300 3390 plena
316 3332 495 3389 procurrens
508 3319 538 3374 in
551 3317 648 3375 medio
661 3317 767 3373 itinere
783 3313 942 3382 destiterit;
956 3314 990 3371 ut
1002 3314 1027 3370 si
1040 3313 1112 3370 vitio
1130 3315 1219 3373 inter·

88 3415 162 3484 rupti
172 3418 224 3475 aut
234 3417 325 3475 bibuli
340 3417 454 3474 canalis
466 3417 605 3474 effectum
618 3417 664 3474 est
677 3416 832 3486 quominus
844 3428 921 3484 aqua
933 3413 1071 3470 continua
1085 3428 1219 3484 perseve-

90 3515 186 3572 ranter
200 3515 356 3587 acjugitcr
372 3515 488 3583 flueret,
505 3514 616 3572 relecto
629 3527 664 3570 ao
677 3511 850 3569 confirmato
866 3508 961 3566 canali
977 3509 1014 3565 ad
1030 3524 1116 3566 usum
1131 3511 1219 3582 atque

89 3607 121 3663 ad
134 3612 235 3679 potum
248 3613 377 3669 civitatis
393 3627 470 3683 aqua
489 3612 613 3668 collecta
625 3611 727 3668 eadem
741 3609 876 3667 ubertate
889 3609 977 3678 atque
991 3607 1159 3678 integritate
1171 3623 1216 3665 re·

89 3711 279 3771 praesentetur
297 3723 355 3780 qua
374 3709 410 3765 de
426 3709 506 3766 lontc
523 3707 738 3780 proficisciturl
759 3704 887 3773 Quodsi
903 3719 980 3762 nuno
993 3705 1089 3761 lacere
1101 3705 1218 3776 oportet

89 3804 135 3860 liei
147 3810 314 3868 sacerdotes
325 3810 474 3881 praecepta
487 3810 585 3867 divina
603 3809 766 3877 servantes,
788 3807 822 3864 ut
837 3807 862 3864 si
875 3807 904 3862 in
918 3805 1016 3877 aliquo
1029 3805 1178 3863 nutaverit
1186 3808 1217 3865 et

89 3907 268 3966 vacillaverit
283 3909 405 3977 veritas,
419 3908 456 3964 ad
469 3909 611 3978 originem
625 3905 801 3963 dominicam
815 3905 845 3961 et
861 3902 899 3959 ad
914 3901 1113 3972 evangelicam
1128 3903 1217 3974 atque

88 4005 272 4072 apostolicam
284 4007 470 4064 traditionem
483 3994 681 4073 revertamur,
695 4003 725 4060 et
738 4002 806 4060 inde
818 3999 923 4072 surgat
935 4001 1019 4056 actus
1032 3999 1124 4056 nostri
1137 3999 1214 4056 ratio

89 4101 160 4159 unde
172 4107 202 4162 et
214 4105 287 4163 ordo
300 4106 330 4163 et
341 4106 424 4177 origo
436 4105 577 4162 surrexit.

126 4240 165 4298 ll.
182 4265 195 4289 a
209 4240 364 4300 Traditum
374 4241 420 4298 est
432 4242 509 4296 enim
524 4240 607 4297 nobis
620 4237 697 4309 quod
707 4237 747 4295 sit
757 4251 833 4294 unus
844 4237 930 4302 Deus,
944 4233 975 4291 el
985 4231 1116 4290 christus
1129 4247 1215 4301 unus,

90 4332 118 4389 et
133 4351 189 4396 una
205 4353 282 4411 spes,
300 4339 330 4396 et
345 4338 417 4395 fides
433 4353 501 4406 una,
519 4339 549 4396 et
561 4333 624 4394 'una
639 4336 773 4404 ecclesia,
791 4335 821 4392 et
837 4333 981 4404 baptisma
995 4345 1085 4388 unum
1102 4331 1215 4388 nonnisi

91 4427 118 4484 in
133 4447 190 4492 une
209 4435 334 4494 eeclesia
349 4435 556 4506 constitutum
573 4449 592 4491 a
607 4448 665 4504 qua
680 4432 793 4490 unitate
811 4429 940 4502 quisquis
956 4427 1131 4494 discesserit,
1148 4441 1216 4484 cum

1112 4557 1127 4604 δ
