3208 5150
293 468 353 512 cir.
376 411 423 513 tt(
439 468 532 513 arnust
554 468 653 512 viciati
674 466 788 513 asianos
809 468 1062 514 trimithuntorum.
1211 457 1249 516 75

124 629 276 706 aliarum
301 631 539 709 ecclesiarum
563 633 821 710 communione
844 633 995 735 privare
1024 661 1088 713 seu
1113 661 1250 715 acom-

120 763 287 842 munione
303 765 414 842 totius
440 764 604 841 ecelesiae
626 789 798 866 separare
826 769 876 864 (t.

163 941 219 1022 21.
238 948 279 1020 3⁰
296 943 462 1045 Denique
483 943 731 1020 anathematis
752 943 866 1019 etiam
887 969 998 1045 poena
1020 945 1249 1022 feriebantur

118 1077 270 1178 episcopi
296 1078 356 1179 qui
388 1078 521 1154 haeresi
551 1076 612 1152 vel
642 1077 833 1154 schismati
861 1079 1100 1177 pertinaciter
1131 1080 1247 1157 inhae-

120 1218 246 1290 nerent.
285 1215 376 1291 Haec
410 1219 535 1292 autem
565 1219 602 1290 et
630 1214 896 1316 depositionem
929 1214 1167 1315 importabat.
1202 1263 1248 1273 -

117 1348 253 1427 Delicta
282 1376 368 1429 vero
394 1351 542 1453 quaein
571 1350 675 1427 laicis
701 1357 738 1426 et
767 1349 972 1425 minoribus
1003 1348 1147 1425 clericis
1179 1352 1246 1426 mi-

118 1487 190 1561 nori
213 1487 592 1564 excommunicatione
615 1512 680 1562 scu
704 1485 925 1588 poenitentia
948 1483 1097 1585 publica
1120 1486 1247 1586 puniri

118 1621 288 1710 solebant,
320 1625 359 1699 in
389 1623 569 1725 episcopis
600 1622 714 1700 soiius
748 1619 988 1722 depositionis
1019 1645 1084 1694 seu
1115 1619 1246 1720 degra-

119 1755 270 1834 dationis
286 1783 398 1861 pocna
415 1757 672 1835 multabantur
692 1787 699 1833 :
722 1756 891 1857 idemque
911 1756 1043 1832 saitem
1063 1781 1180 1858 usque
1200 1759 1246 1835 ad

118 1913 182 1965 sec.
209 1890 263 1966 IV
286 1892 344 1968 vei
369 1893 405 1966 V
429 1891 576 1967 videtur
601 1890 804 1967 obtinuisse
830 1887 951 1989 quoad
978 1889 1185 1966 sacerdotes
1210 1895 1247 1968 ct

120 2019 283 2100 diaconos
301 2028 311 2124 (
328 2029 351 2122 ).

164 2199 220 2280 22.
243 2220 309 2284 IV.
329 2205 431 2291 iem,
451 2205 493 2279 ut
509 2202 555 2280 ad
574 2202 795 2279 solutionem
814 2204 1013 2305 propositae
1031 2202 1247 2303 quaestionis

119 2335 313 2426 veniamus,
338 2335 578 2414 statuendum
599 2335 775 2412 videtur:
805 2343 840 2412 1ο
856 2337 1015 2414 Asianos
1038 2362 1110 2414 non
1132 2336 1247 2413 fuisse

118 2471 359 2550 anathematis
385 2473 567 2549 sententia
596 2471 788 2573 alligatos;
816 2473 879 2550 sed
904 2480 944 2550 2⁰
968 2474 1158 2551 Victorem
1184 2499 1246 2550 cos

118 2611 364 2686 communione
387 2633 457 2685 sua
479 2608 647 2710 privasse
668 2613 705 2686 et
724 2609 809 2686 aliis
833 2608 1246 2712 episcopis‘injunxisse

119 2761 158 2812 ne
178 2765 259 2818 cum
285 2743 331 2818 iis
356 2743 685 2819 communicarent.
712 2789 758 2798 -
783 2745 956 2820 Primum
982 2745 1073 2822 satis
1099 2748 1245 2822 constat

118 2895 157 2946 cx
178 2899 217 2951 eo
240 2878 336 2978 quod
362 2878 575 2978 hujusmodi
603 2877 786 2954 sententia
812 2902 1004 2980 nunquam
1030 2883 1160 2955 contra
1185 2881 1241 2955 in-

119 3009 230 3106 tegras
251 3012 424 3088 ccclesias
446 3013 686 3113 pronuntiata
708 3016 776 3100 est,
796 3013 871 3089 imo
894 3038 960 3089 nec
977 3013 1126 3090 videtur
1143 3014 1244 3112 juste

145 3311 170 3366 td
180 3311 266 3376 Aliqui
278 3316 341 3366 inde
353 3313 649 3365 excommunicationes
683 3316 789 3366 scilicet
811 3316 839 3366 in
869 3317 1062 3368 communione
1085 3315 1243 3367 immediata

118 3399 200 3458 primis
210 3405 407 3456 seculisaRR.
422 3405 477 3454 PP.
489 3405 647 3469 pronuntia·
682 3420 744 3456 cum
765 3407 791 3457 S.
810 3406 842 3457 P.
856 3420 916 3458 esse
934 3406 1024 3470 aiunt,
1046 3420 1163 3470 quocum
1183 3407 1242 3471 ipsc

118 3489 152 3535 tes
170 3490 232 3542 alies
248 3497 320 3556 facti,
333 3494 402 3545 alias
413 3497 488 3556 juris
505 3493 587 3545 ruisse
606 3495 644 3544 di·
679 3497 807 3546 Pontifex
829 3497 1033 3560 communicat3
1065 3499 1094 3548 in
1123 3511 1242 3567 commu-

118 3580 180 3628 cuut.
196 3581 510 3634 Excommunicationem
521 3586 587 3643 succi
598 3584 650 3634 sci·
684 3583 766 3636 nionc
785 3585 904 3635 mediate
922 3586 1012 3636 autom
1029 3585 1107 3636 illum
1124 3600 1242 3648 quocum

118 3658 172 3714 iicet
191 3681 247 3721 cam
270 3673 410 3736 appellant
432 3687 486 3735 qua
508 3673 649 3724 Romanus
684 3687 738 3725 non
756 3675 1064 3737 communicatqmuem
1083 3676 1142 3740 ipsc
1154 3677 1181 3728 S.
1198 3678 1240 3740 P.‚

120 3749 647 3827 Pontiicnaiicuicpiscopocommunio-
681 3766 885 3816 communicant
914 3769 1024 3830 tamen,
1053 3767 1113 3832 ipso
1141 3784 1240 3834 appro-

119 3852 170 3892 ssrm
190 3848 350 3916 denegabat,
375 3855 542 3902 nontamen
565 3851 648 3903 simui
682 3854 764 3906 hante
787 3855 827 3906 vel
856 3855 1044 3919 permittente,
1075 3858 1160 3910 ceteri
1183 3860 1238 3923 epi·

119 3928 170 3981 aliis
178 3937 307 4006 episcopis
317 3941 462 4006 injungens
471 3944 501 3992 ut
510 3946 537 3993 et
548 3941 600 4006 ipsi
612 3944 646 3994 ab
680 3944 765 4008 scopi.
779 3945 815 3995 At
828 3947 896 3997 sorte
910 3947 963 3998 ista
981 3947 1123 3997 distinctio
1141 3963 1158 3998 a
1174 3948 1240 3998 dan-

118 4018 221 4078 eiusdem
248 4031 441 4081 communione
469 4032 648 4084 abstinerent.
684 4034 793 4085 acuistis
812 4037 966 4101 excogitata
983 4036 1024 4087 vel
1044 4036 1141 4088 saltem
1160 4037 1241 4087 nimis

120 4103 184 4162 Quod
201 4119 335 4179 posterius
353 4119 376 4168 si
396 4120 517 4180 accedat,
539 4135 645 4173 excom·
681 4127 847 4189 exaggerata
859 4127 909 4176 eet.

119 4201 312 4259 incursationem
326 4211 403 4271 jnrc's
419 4223 479 4261 eam
496 4211 600 4262 vocant.
615 4241 665 4280 -.
713 4219 743 4270 (ε)
761 4213 791 4264 V.
812 4214 916 4266 Busan
932 4215 1019 4280 Epist.
1038 4215 1104 4266 (ian.
1121 4216 1155 4266 ad
1174 4217 1237 4266 Am-

121 4281 157 4335 Sic
171 4293 245 4347 etiarn
263 4299 347 4362 aliqui
364 4299 566 4352 distinctionem
580 4304 644 4352 affe·
680 4303 851 4366 philochium
870 4305 880 4355 1
894 4306 954 4370 (Ep.
971 4307 1026 4366 188)
1043 4319 1103 4356 can.
1117 4306 1186 4362 311³.
1205 4305 1238 4354 G.

120 4379 547 4440 runtcommunionisrmmeciatoe
559 4392 586 4441 et
597 4407 648 4441 me·
682 4395 701 4442 t.
715 4393 830 4446 XXXII.
845 4411 872 4460 p.
888 4398 956 4454 ὅτι).
969 4425 1001 4433 -
1019 4397 1073 4447 Cir.
1087 4397 1237 4446 Auorsns.

121 4461 188 4516 dioto
198 4485 254 4526 cum
267 4477 392 4529 Romano
409 4477 552 4530 Pontifice.
566 4480 647 4532 illum
680 4481 726 4534 cit.
740 4497 800 4549 sup.
815 4485 850 4537 N.
863 4487 892 4537 15
904 4487 972 4536 extr.
