3208 5150
314 455 332 511 8
620 468 692 514 mss.
716 470 735 514 ι.
759 469 795 514 uc
817 469 886 515 nou.
910 469 936 515 s.
959 471 1040 516 rsrm
1062 471 1147 518 srrsc.

313 609 462 709 condita
485 635 552 708 est.
579 631 785 709 -Deinde
804 657 894 710 vero
916 633 1124 712 luculenter
1146 634 1239 713 illud
1265 637 1462 716 affirmant

316 770 480 856 Pnrms,
517 769 724 846 D1onrs1us
758 768 996 858 Corinthius,
1032 769 1235 860 Insanos,
1273 772 1464 852 coenans

316 904 609 994 Alexandrinus,
628 910 698 982 ete.
715 908 766 1004 (ι).

369 1085 405 1168 2.
423 1105 477 1169 11.
512 1086 720 1165 Ecclesiam
750 1087 964 1166 Romanam
993 1113 1017 1165 a
1046 1090 1161 1166 Petro
1192 1089 1382 1167 conditam
1418 1116 1465 1168 ac

316 1222 450 1299 seriem
481 1222 738 1324 episcoporum
768 1219 873 1298 urhis
902 1222 949 1298 ab
979 1222 1059 1324 ipso
1094 1223 1344 1300 inchoandam
1379 1249 1464 1300 esse

316 1357 510 1458 perspicue
539 1356 731 1434 affirmant
756 1356 951 1446 [anneus
981 1356 1294 1447 Tunruumnuus,
1327 1361 1464 1434 auctor

317 1491 505 1569 Carminis
531 1491 712 1569 adversus
737 1490 983 1580 Marcionem,
1010 1496 1143 1569 auctor
1166 1491 1253 1568 libri
1277 1493 1463 1570 adversus

316 1625 531 1702 Artemonis
561 1625 748 1714 haeresim,
782 1625 912 1715 Omns,
946 1627 1197 1704 Hirronrrus
1231 1653 1296 1704 seu
1327 1625 1464 1705 auc'tor

317 1759 449 1862 primae
462 1760 581 1862 partis
596 1759 767 1861 Gatalogi
782 1760 986 1850 Liberiani,
1004 1761 1244 1851 connisos,
1261 1763 1464 1841 Firmum-

318 1919 390 1972 uos
414 1898 463 1994 (a).
492 1895 724 1973 Posteriores
750 1900 875 1973 autem
899 1897 1033 1972 afferre
1056 1921 1380 1998 supervacaneum
1407 1898 1464 1974 vi-

315 2029 437 2117 detur,
470 2053 586 2130 quum
616 2031 754 2108 nemini
785 2031 834 2108 sit
863 2031 1018 2108 dubium
1043 2032 1135 2132 quin
1166 2031 1253 2107 inde
1282 2057 1306 2107 a
1335 2034 1463 2110 medio

317 2161 441 2239 seculo
460 2162 518 2239 ΙΙΙ
536 2162 628 2240 illud
643 2165 681 2241 in
699 2167 875 2243 universo
893 2167 982 2243 orbe
994 2166 1201 2243 christiano
1220 2169 1267 2244 ab
1285 2169 1463 2246 omnihus

314 2293 520 2372 admissum
539 2295 664 2386 luerit,
685 2297 787 2376 nullo
805 2302 975 2376 veterum
993 2298 1282 2376 contradicente.

364 2482 402 2565 3.
436 2503 511 2568 111.
544 2487 714 2589 Denique
747 2489 905 2566 Petrum
935 2487 1070 2566 Romae
1104 2487 1287 2588 martyrio
1322 2487 1464 2565 obiisse

316 2621 452 2698 diserte
482 2627 669 2700 testantur
687 2624 898 2709 Oarosnss
932 2623 1246 2709 deprominus,
1278 2621 1398 2699 Omns
1423 2629 1465 2698 et

313 2763 444 2834 auctor
461 2757 593 2861 primae
615 2759 732 2860 partis
754 2756 926 2856 Catalogi
953 2755 1144 2834 Liberiani
1170 2759 1220 2854 (a).
1251 2756 1355 2833 Idem
1371 2758 1464 2857 jure

312 2891 484 2969 concludi
519 2897 640 2996 potest
678 2920 724 2971 ex
752 2892 975 2971 testimoniis
1008 2892 1174 2967 Jonnms
1211 2891 1384 2991 Apostoli
1422 2895 1465 2970 in

315 3027 522 3129 Evangelio
547 3053 614 3105 suo
645 3031 682 3128 (r)
708 3033 745 3105 et
769 3027 991 3105 Cinnamus
1020 3023 1185 3110 Romani
1213 3049 1256 3100 ac
1282 3025 1465 3106 Droursn

314 3163 502 3241 Corinthii
520 3188 635 3266 supra
651 3163 789 3240 citatis
807 3161 866 3237 Ex
883 3159 942 3235 his
967 3157 1151 3260 siquidem
1173 3157 1333 3234 habetur
1351 3159 1464 3238 Petri

314 3298 546 3400 martyrium
558 3299 729 3376 omnibus
748 3293 974 3374 Christianis
992 3291 1230 3368 notissimum
1247 3290 1364 3368 fuisse
1376 3293 1466 3394 jam

314 3438 481 3511 extremo
511 3432 635 3509 seculo
666 3433 696 3508 l.
730 3431 866 3518 Porr0,
898 3449 1012 3526 quum
1043 3421 1210 3500 ecclesiae
1233 3427 1341 3500 tanta
1367 3451 1466 3506 cura

314 3569 532 3646 memoriam
567 3541 840 3672 praecipuorum
873 3582 1026 3636 suorum
1061 3559 1272 3656 martyrum
1306 3581 1467 3638 servare

311 3703 587 3792 consueverint,
614 3724 768 3804 prorsus
794 3691 1010 3772 incredibile
1039 3694 1095 3768 est
1126 3688 1321 3765 ecclesiam
1352 3692 1466 3774 illam

313 3865 398 3942 quae
432 3839 611 3943 principis
646 3832 901 3939 apostolorum
934 3825 1115 3926 martyrio
1154 3822 1347 3901 illustrata
1387 3827 1467 3908 fuit

313 3977 405 4054 adeo
435 3975 474 4051 in
506 3974 576 4050 hac
607 3997 647 4049 re
677 3967 791 4044 luisse
821 3960 1070 4062 negligentem
1099 3959 1142 4032 ut
1171 3959 1321 4033 tantum
1345 3959 1465 4040 decus

312 4111 500 4190 oblivione
521 4107 628 4187 obrui
659 4102 821 4186 sivisset,
841 4094 1023 4198 quinimo
1047 4116 1121 4167 non
1145 4091 1307 4168 maxime
1325 4099 1467 4195 praedi-

343 4385 371 4445 (Ι)
384 4381 509 4447 Aopcnd.
525 4391 586 4444 pag.
603 4375 670 4427 2-5.
933 4365 963 4424 (a)
977 4361 1045 4412 loid.
1060 4371 1122 4424 pag.
1136 4357 1203 4409 3-4,

343 4475 373 4537 (²)
387 4472 457 4525 lbid·
935 4451 966 4513 (a)
977 4449 1059 4500 does.
1073 4459 1129 4498 xxi.
1146 4446 1184 4506 18,
1200 4447 1236 4496 lo.
