3170 5134
317 413 376 474 154
554 425 624 472 mss.
650 425 693 471 ιιι.
716 426 752 471 ιιι
774 425 904 472 sucronu
925 425 1226 472 ruicosornouuanon.

289 691 300 710 Ι
314 602 558 706 praepositum
575 603 692 680 fuisse
709 601 822 680 alicui
840 600 940 705 plebi
954 604 1002 701 (v.
1018 605 1078 701 27)
1092 605 1130 701 (ι)
1144 605 1183 679 et
1195 602 1242 679 ab
1255 601 1470 679 idololatris

315 737 552 840 designatum
581 741 776 848 tamquam
811 773 825 802 u
860 735 1098 815 Christicolis
1128 740 1243 839 caput
1267 733 1417 838 populis
1448 771 1465 799 .-

315 875 364 970 (v.
385 874 457 971 80).
476 872 673 976 Sepultum
690 897 783 950 eum·
795 872 910 950 luisse
927 871 1070 949 indicat
1083 872 1122 948 in
1135 875 1269 975 crypta
1285 897 1361 948 non
1378 895 1469 970 pro·

317 1004 379 1081 cul
401 1007 448 1083 ab
475 1006 578 1084 Urbe
602 1011 650 1107 (v.
676 1010 744 1083 153
765 1009 860 1108 sqq.)
877 1007 991 1108 juxta
1012 1005 1248 1108 splendidam
1269 1004 1469 1084 basilicam

316 1141 365 1237 (v.
390 1143 464 1217 215
485 1143 579 1243 sqq.)
602 1170 609 1216 :
630 1165 715 1242 quae
739 1139 939 1241 descriptio
963 1139 1103 1241 optime
1128 1140 1305 1217 convenit
1321 1141 1469 1241 cryptae

319 1272 516 1376 Hippolyti
539 1300 623 1378 quae
648 1277 730 1351 erat
751 1273 792 1350 in
817 1273 880 1350 via
905 1273 1103 1351 Tiburtina
1127 1275 1240 1376 juxta
1268 1273 1469 1351 basilicam

317 1408 357 1486 S.
382 1411 591 1488 Laurentii.
617 1411 810 1488 Praeterea
837 1409 937 1486 diem
961 1409 1153 1486 memoriae
1181 1407 1379 1512 Hippolyti
1403 1431 1466 1484 sa-

316 1567 423 1621 crum
437 1546 493 1623 ait
509 1546 625 1654 fuisse
645 1546 737 1625 ldus
753 1547 917 1648 Augusti
939 1577 946 1622 :
968 1546 1033 1649 qui
1052 1546 1194 1642 scilicet
1211 1547 1310 1624 idem
1328 1546 1407 1623 dies
1425 1545 1470 1622 in

316 1678 546 1759 Kalendario
580 1707 652 1758 sec.
691 1681 758 1758 IV.
792 1681 1009 1782 assignatur
1039 1680 1230 1758 memoriae
1265 1678 1467 1782 Hippolyti

316 1813 407 1891 socii
422 1815 614 1905 Pontiani,
630 1815 669 1890 in
688 1815 899 1892 Tiburtina.
917 1814 976 1892 Ex
989 1813 1048 1890 his
1066 1814 1158 1892 satis
1173 1812 1371 1891 manifeste
1388 1811 1467 1889 col-

315 1945 449 2048 ligitur
475 1949 724 2052 Hippolytum
755 1950 899 2050 dequo
925 1947 1005 2049 agit
1034 1946 1265 2024 Prudentius
1291 1945 1467 2022 eumdem

317 2107 398 2208 esse
415 2108 527 2184 quem
543 2086 753 2162 memorant
770 2081 976 2183 Gatalogus
994 2086 1033 2159 et
1049 2081 1336 2159 Kalendarium.

368 2295 436 2380 40.
450 2299 626 2378 (laterum
640 2300 798 2378 libenter
814 2299 1050 2376 concedimus
1065 2299 1274 2400 Ruggiem,
1295 2297 1467 2374 Pruden-

315 2432 410 2512 tium
433 2460 541 2512 suam
565 2435 819 2513 narrationem
841 2432 1044 2511 confecisse
1068 2457 1113 2509 ex
1136 2431 1358 2534 vulgaribus
1382 2429 1464 2508 Ro-

314 2593 513 2648 manorum
542 2571 820 2649 traditionibus.
850 2571 949 2648 Nam
975 2569 1016 2645 in
1040 2569 1291 2671 cognitionem
1318 2566 1463 2668 Hippo-

313 2703 383 2806 lyti
406 2730 445 2781 se
470 2706 616 2783 venisse
638 2705 827 2807 significat
847 2729 894 2782 ex
918 2704 1162 2806 inscriptione
1187 2703 1268 2805 ejus
1297 2699 1463 2804 sepulcri

314 2842 361 2937 (v.
393 2845 513 2940 17-19)
539 2845 578 2919 et
594 2867 641 2918 ex
657 2842 806 2945 pictura
827 2841 962 2944 parieti
988 2838 1222 2916 monumenti
1248 2835 1376 2925 affixa,
1395 2834 1462 2911 ubi

272 2955 273 2958 Ἴ
313 2976 393 3078 ejus
420 2976 645 3080 supplicium
667 2975 1008 3080 repraesentabatur
1034 2977 1082 3074 (ιι.
1109 2979 1177 3051 123
1202 2973 1311 3074 sqq.)‚
1331 2967 1463 3046 multis

312 3111 489 3190 describit
516 3117 689 3216 cryptam
713 3113 777 3191 ubi
803 3137 938 3216 corpus
966 3112 1047 3214 ejus
1077 3108 1284 3212 repositum
1313 3109 1395 3182 erat
1425 3108 1463 3181 et

313 3271 537 3325 concursum
563 3247 692 3351 populi
722 3246 930 3325 Christiani
959 3244 1007 3322 ad
1034 3243 1215 3346 martyris
1241 3238 1462 3318 memoriam

314 3379 575 3459 celebrandam
596 3413 604 3459 ;
625 3407 745 3484 neque
762 3380 864 3457 aliud
886 3381 1171 3456 monumentum
1188 3374 1299 3452 affert
1321 3377 1389 3450 aut
1406 3372 1463 3448 in-

313 3514 397 3592 nuit
414 3515 511 3592 unde
528 3515 713 3618 acceperit
729 3540 774 3592 ea
791 3539 875 3616 quae
892 3515 937 3591 de
955 3512 1162 3615 Hippolyto
1184 3512 1326 3588 narrat.
1347 3507 1463 3586 Vide
1495 3601 1501 3608 p

341 3877 371 3939 (ι)
390 3876 468 3928 Unde
487 3876 659 3939 {tainardus
673 3877 720 3941 qui
737 3877 773 3928 ad
790 3891 813 3928 v.
832 3878 863 3928 20
898 3898 910 3919 n
926 3877 977 3927 sub
1006 3889 1061 3927 uno
1088 3875 1228 3939 episcopo,
1255 3872 1302 3935 qni
1316 3873 1464 3924 nomnibus

309 3965 377 4034 legit
388 3963 544 4031 Presbyter,
556 3963 585 4018 in
595 3966 654 4019 Act.
666 3970 765 4018 sincer.
778 3967 864 4019 Mart.
899 3989 912 4010 n
926 3963 1200 4031 p1·aeest‚presbyteri
1212 3961 1361 4028 separatim
1375 3963 1466 4016 eccle-

308 4059 404 4111 notat:
420 4080 433 4102 a
446 4057 518 4117 Quid
530 4059 603 4110 vetat
611 4057 803 4124 presbyterum
816 4057 864 4109 ali·
899 4079 911 4099 κ
926 4057 984 4108 sias
1002 4055 1146 4108 obtineant
1161 4055 1189 4105 et
1200 4053 1332 4118 populum
1344 4052 1381 4102 ad
1399 4053 1467 4105 illas

310 4175 322 4195 κ
337 4165 419 4214 quam
432 4151 520 4216 plebis
529 4153 635 4218 partem
647 4166 703 4202 suec
714 4165 787 4202 curae
796 4164 867 4202 com·
903 4172 915 4193 n
929 4147 1075 4200 convenire
1093 4147 1204 4198 solitum
1219 4143 1363 4210 colligant.
1384 4143 1468 4197 Idem

310 4242 449 4294 amissam
462 4242 592 4294 habuisse
606 4243 646 4294 l...
668 4242 763 4294 Refert
781 4241 863 4294 Sozo-
899 4262 911 4282 u
926 4239 1022 4291 Romae
1040 4238 1173 4289 usitatum
1192 4233 1278 4285 fuisse
1297 4233 1380 4286 docet
1397 4235 1469 4288 Dic-

310 4354 322 4375 n
336 4345 434 4384 monus
455 4331 490 4384 Η.
511 4331 542 4384 Ε.
564 4331 585 4383 l.
608 4332 647 4391 15,
667 4332 740 4383 bunc
760 4341 867 4382 rnorem
902 4351 914 4372 n
928 4327 1175 4395 nysinsPetavius.
1189 4347 1202 4370 n

308 4445 320 4468 n
333 4421 509 4476 Alexandriae
530 4420 705 4474 observatum
720 4420 815 4482 luisse,
838 4423 868 4472 ut
