3180 5134
335 461 371 512 os
391 463 531 514 controv.
555 465 635 514 unct
655 465 812 514 almisicus
836 429 1079 513 sanandorum
1235 463 1273 519 cn

981 549 993 574 .

115 633 202 700 quasi
224 631 319 700 possit
336 632 388 689 aut
407 633 470 690 sine
490 633 601 705 Spiritu
622 633 756 691 Christus
775 633 868 700 indui,
888 631 942 689 aut
964 645 983 688 a
1002 631 1120 688 Christo
1140 631 1268 701 Spiritus

114 727 261 796 separari.
283 728 357 784 lllud
377 743 494 800 quoque
514 745 603 800 quam
623 730 757 800 ineptum
775 731 832 796 est,
850 729 884 785 ut
900 743 969 785 cum
984 727 1126 785 nativitas
1141 731 1272 786 secunda

115 823 282 892 spiritualis
301 825 350 892 sit,
368 841 427 895 qua
442 828 473 882 in
490 828 606 884 Christo
624 843 678 898 per
694 829 848 884 lavacrum
860 825 1095 896 regenerationis
1108 827 1270 892 nascimur,

114 919 217 976 dicant
229 921 305 991 quod
320 923 414 992 possit
427 923 493 993 quis
506 925 583 994 apud
599 923 756 982 haereticos
770 925 945 995 spiritaliter
958 923 1049 991 nasci,
1064 923 1114 979 ubi
1126 923 1270 994 Spiritum

114 1017 225 1086 negant
238 1032 312 1074 esse.
325 1021 453 1076 Peccata
463 1021 541 1077 enim
555 1036 684 1092 purgare
697 1025 728 1078 et
746 1022 895 1078 hominem
909 1019 1096 1077 sanctificare
1109 1033 1187 1091 aqua
1206 1022 1270 1078 sola

114 1125 174 1166 non
192 1113 302 1181 potest,
328 1115 384 1172 nisi
407 1116 515 1173 habeat
539 1118 569 1174 et
592 1119 735 1188 spiritum
758 1119 910 1176 Sanctum.
934 1120 1031 1183 Quare
1054 1117 1107 1174 aut
1127 1117 1270 1187 Spiritum

114 1209 257 1266 Sanctum
280 1227 400 1270 necesse
413 1216 463 1272 est
481 1216 644 1273 concedant
666 1231 731 1274 esse
753 1217 814 1273 illic
831 1216 881 1272 uhi
900 1215 1047 1285 baptisma
1067 1228 1132 1270 esse
1153 1214 1268 1282 dicunt,

113 1303 168 1360 aut
180 1320 234 1363 nec
249 1307 397 1379 baptisma
410 1312 455 1368 est
469 1312 518 1368 ubl
532 1313 659 1382 Spiritus
676 1313 801 1369 Sanctus
818 1313 946 1380 nonest,
961 1312 1031 1382 quia
1044 1311 1192 1382 baptisma
1205 1325 1270 1368 esse

112 1404 178 1460 sine
191 1406 304 1477 Spiritu
319 1410 427 1467 Sancto
440 1425 499 1468 non
511 1413 620 1482 potest.
669 1487 673 1494 ἱ

151 1539 178 1595 6.
200 1564 214 1587 n
237 1543 330 1607 Quale
347 1545 393 1601 est
409 1546 510 1602 autem
529 1559 663 1603 asserere
679 1545 709 1602 et
727 1545 905 1603 contendere
918 1545 995 1616 quod
1009 1560 1074 1602 esse
1088 1545 1203 1616 possint
1216 1546 1269 1602 filii

112 1635 166 1690 Dei
184 1637 236 1706 qui
255 1653 315 1695 non
332 1641 392 1698 sint
409 1642 438 1697 in
456 1642 583 1700 ecclesia
602 1643 681 1700 natit
700 1642 851 1713 Baptisma
870 1644 949 1699 enim
968 1657 1033 1698 esse
1052 1643 1082 1698 in
1102 1657 1161 1712 quo
1181 1643 1269 1698 homo

111 1733 200 1789 vetus
214 1735 345 1792 moritur
358 1738 388 1794 et
401 1755 497 1796 novus
508 1739 641 1797 nascitur
654 1740 824 1797 manifestat
837 1740 867 1796 et
880 1739 986 1809 probat
999 1737 1103 1796 beatus
1116 1739 1268 1809 apostolus

112 1829 213 1888 dicens
229 1851 237 1888 ε
256 1835 424 1892 Servavit
443 1850 505 1892 nos
525 1850 587 1907 per
603 1835 789 1893 lavacrum
807 1834 1104 1906 regenerationis.
1125 1834 1269 1890 Siautem

112 1931 144 1984 in
166 1929 298 1996 lauaem,
318 1931 347 1986 ld
368 1933 462 1989 estin
481 1932 638 2002 baptismo,
664 1933 712 1989 est
733 1933 930 2003 regeneratio,
954 1931 1101 2002 quomodo
1125 1947 1269 2002 generare

112 2025 189 2084 illios
206 2029 266 2084 Deo
285 2029 408 2086 haeresis
427 2045 480 2101 per
499 2030 649 2088 Christum
670 2030 778 2102 potest,
799 2045 866 2101 quae
885 2030 994 2087 Christi
1010 2045 1118 2100 sponsa
1131 2045 1188 2086 non
1203 2031 1267 2088 estl

2 2147 3 2210 ἐ
111 2122 245 2178 Ecclesia
257 2123 304 2180 est
319 2125 398 2181 enim
415 2124 479 2182 sola
494 2140 561 2196 qua
578 2125 695 2183 Christo
710 2125 870 2196 conjuncta
883 2126 913 2182 et
928 2125 1059 2182 adunata
1072 2125 1267 2196 spiritualiter

109 2216 189 2274 filios
211 2221 346 2288 generat,
369 2220 474 2277 eodem
496 2221 631 2292 apostolo
654 2235 761 2279 rursus
783 2221 898 2278 dicente
919 2243 926 2277 :
948 2221 1112 2278 Christus
1137 2221 1268 2280 dilexit

110 2315 303 2374 ecclesiam
323 2318 357 2373 et
375 2332 412 2374 so
424 2319 537 2389 ipsum
553 2317 706 2375 tradidit
723 2333 786 2388 pro
803 2317 894 2374 eaut
911 2333 985 2374 eam
1002 2318 1265 2383 sanctificaret,

108 2429 268 2486 purgans
290 2431 365 2473 eam
388 2416 535 2472 lavacro
558 2431 665 2487 aquae.
688 2416 717 2472 Si
737 2416 828 2486 igitur
845 2415 909 2472 haee
929 2415 975 2472 est
994 2415 1102 2471 dilecta
1115 2414 1145 2471 et
1158 2429 1267 2485 sponsa

108 2525 178 2581 quae
194 2511 260 2568 sola
271 2527 290 2567 a
303 2512 418 2569 Christo
432 2512 637 2570 sanctificatur
649 2514 680 2570 et
696 2513 820 2569 lavacro
839 2513 904 2582 ejus
921 2513 985 2569 sola
1000 2511 1157 2582 purgatur,
1175 2511 1266 2566 mani·

107 2607 219 2665 testum
243 2609 290 2666 est
310 2609 460 2678 haeresim,
484 2626 551 2682 quae
573 2625 680 2682 sponsa
703 2610 813 2668 Christi
839 2626 897 2667 non
920 2611 969 2679 sit,
994 2625 1048 2667 nec
1070 2611 1191 2680 purgari
1211 2623 1265 2666 nec

105 2703 290 2764 sanctificari
307 2706 428 2763 lavacro
441 2707 505 2777 eius
518 2708 621 2778 possit,
636 2707 713 2764 filios
734 2711 796 2764 Deo
809 2721 952 2778 generare
966 2722 1024 2763 non
1037 2721 1132 2778 posse.

144 2829 171 2884 7.
189 2851 203 2874 n
219 2828 313 2884 Porro
326 2827 427 2884 autem
441 2845 498 2886 non
512 2844 565 2900 per
574 2845 680 2887 manus
692 2830 913 2900 impositionem
924 2831 990 2900 quis
1001 2830 1134 2886 nascitur
1146 2829 1272 2900 quando,

103 2925 216 2996 accipit
233 2925 375 2996 Spiritum
394 2928 545 2994 Sanctum,
564 2927 616 2984 sed
630 2929 660 2984 in
673 2927 808 2984 ecclesiae
821 2927 981 2998 baptismo,
993 2930 1028 2982 ut
1041 2927 1182 2996 Spiritum
1194 2929 1264 2983 San-

102 3023 188 3079 ctum
205 3023 269 3093 jam
293 3025 382 3082 natus
401 3027 536 3097 accipiat,
561 3027 639 3083 sicut
658 3028 689 3083 in
707 3026 804 3096 primo
825 3025 945 3081 homine
964 3025 1054 3080 Adam
1075 3024 1187 3081 lactum
1206 3027 1261 3083 est.

101 3119 180 3175 Ante
202 3119 282 3175 enim
304 3122 381 3178 Deus
404 3136 472 3178 enm
494 3122 664 3192 plasmavit,
685 3122 716 3177 et
741 3122 815 3178 tunc
834 3119 998 3177 insufflavit
1018 3121 1049 3177 in
1072 3121 1177 3177 faciem
1199 3121 1264 3191 ejus

101 3215 209 3273 flatum
232 3211 398 3275 vitae.'Nee
417 3219 496 3275 enim
518 3219 616 3289 potest
637 3219 731 3288 accipi
753 3217 891 3288 Spiritus,
917 3218 973 3273 nisi
997 3219 1078 3288 prius
1101 3217 1191 3274 merit
1213 3218 1263 3288 qui

4 3387 6 3392 Ι
100 3314 244 3384 accipiat.
266 3318 338 3371 cum
358 3317 458 3372 antem
479 3317 596 3372 novitas
615 3314 850 3374 Christianorum
861 3315 891 3368 in
904 3313 1050 3382 baptismo
1062 3314 1111 3380 sit,
1126 3313 1263 3384 baptismi

101 3411 206 3467 autem
220 3414 374 3483 generatio
388 3414 418 3470 et
431 3411 627 3468 sanctificatio
640 3410 718 3481 apud
738 3410 833 3468 solam
850 3422 989 3478 sponsam
1008 3408 1117 3464 Christi
1133 3409 1181 3475 sit,
1196 3425 1262 3480 quae

101 3519 212 3574 parere
225 3508 422 3578 spiritualiter
434 3509 465 3565 et
478 3522 621 3579 generare
635 3507 711 3564 illios
725 3509 784 3563 Deo
797 3507 901 3577 possit,
916 3505 967 3561 ubi
987 3505 1018 3561 et
1039 3520 1075 3561 ex
1095 3521 1154 3576 qna
1170 3507 1200 3564 et
1213 3507 1262 3564 cui

102 3603 257 3660 natusest
279 3606 329 3675 qui
352 3605 430 3662 filius
453 3605 586 3662 ecclesiae
608 3619 666 3661 non
689 3606 745 3670 est,
770 3604 805 3660 ut
826 3603 937 3659 habere
964 3602 1030 3671 quis
1052 3603 1146 3672 possit
1168 3605 1260 3660 Deum

100 3699 219 3768 patrem
233 3701 302 3756 ante
314 3702 468 3758 ecclesiam
483 3703 627 3759 matreml
648 3705 720 3759 Cum
737 3699 907 3756 veronulla
927 3698 1047 3755 omnino
1062 3699 1193 3766 haeresis,
1209 3701 1260 3757 sed
1285 3709 1289 3715 ·

101 3811 199 3866 neque
225 3797 344 3868 aliquod
370 3799 499 3855 schisma
521 3799 631 3855 hahere
658 3799 798 3855 salutaris
828 3796 968 3867 baptismi
995 3795 1260 3852 sanctificationem

100 3895 175 3950 foris
198 3896 301 3964 possit,
326 3911 381 3952 cur
405 3897 574 3954 intantum
599 3896 739 3966 Stephani
762 3895 866 3952 hatris
890 3895 984 3950 nostri
1007 3894 1165 3950 obstinatio
1184 3893 1260 3950 dura

102 3993 241 4062 prorupit
254 3992 289 4049 ut
302 3993 392 4049 etiam
405 3994 442 4049 de
459 3993 618 4050 Marcionis
631 3993 789 4063 baptismo,
807 3990 880 4047 item
896 3990 1044 4047 Valentini
1061 3991 1091 4046 et
1107 3990 1258 4059 apelletis,

102 4089 133 4144 et
155 4089 327 4146 ceterorum
346 4090 612 4160 blasphemantium
628 4090 659 4145 in
678 4091 771 4145 Deum
790 4088 911 4144 Patrem
931 4087 1090 4144 contendat
1109 4087 1186 4143 filios
1200 4091 1259 4144 Deo

91 4187 197 4252 nasci,
218 4186 249 4242 et
264 4186 325 4243 illie
344 4187 374 4243 in
392 4188 510 4243 nomine
528 4188 597 4242 lesu
616 4185 724 4242 Christi
743 4184 823 4241 dicat
840 4185 1044 4241 remissionem
1067 4183 1259 4253 peccatorum

104 4280 170 4338 dari
203 4283 253 4340 ubl
286 4283 509 4355 blasphematur
540 4285 569 4339 in
599 4284 690 4338 Deum
717 4281 837 4338 Patrem
870 4281 901 4338 et
925 4282 955 4337 in
980 4281 1136 4336 Dominum
1167 4281 1258 4338 Deum

106 4380 275 4438 Christum?
