3180 5134
336 475 377 533 Μ
814 481 992 538 eumn.

337 657 454 728 pastore
466 672 531 713 esse
542 657 705 727 coeperunt.
719 657 927 729 descriptoris
942 673 978 714 ea
992 656 1126 728 prolerre
1143 669 1210 727 qua
1226 654 1330 712 beatus
1348 655 1472 724 cypria-

337 771 392 812 nus
403 757 441 810 ob
459 755 615 811 haereticos
627 755 848 826 rebaptizandos
859 758 890 812 in
898 756 1029 827 epistolis
1048 755 1109 812 suis
1124 752 1254 823 reliquit,
1268 751 1364 808 sciant
1383 751 1473 805 illum

336 852 400 908 uec
419 869 476 908 non
495 868 564 909 cum
581 853 769 909 anathemate
786 868 888 910 eorum
907 854 958 923 qui
975 867 1008 908 se
1026 852 1108 922 sequi
1126 849 1291 916 noluerant,
1311 847 1442 904 edidisse
1463 869 1471 904 :

334 949 478 1019 siquidem
496 951 526 1005 in
546 952 751 1007 communione
769 967 873 1008 eorum
890 951 1052 1021 permansit
1072 950 1123 1020 qui
1144 948 1297 1006 sententiae
1317 960 1380 1004 suae
1401 961 1473 1002 con-

333 1047 493 1114 traierant;
508 1048 559 1104 aed
574 1048 725 1104 dormtum
737 1049 835 1118 potius
851 1049 942 1104 luisse
956 1049 1077 1119 propter
1092 1047 1249 1112 Nouatum,
1262 1044 1294 1100 et
1308 1043 1383 1100 alias
1396 1043 1472 1101 tunc

333 1143 462 1200 haereses
481 1144 590 1200 mullas
607 1147 788 1211 enascentes,
808 1159 844 1200 ne
862 1145 1016 1215 quisquam
1030 1145 1068 1200 ab
1083 1159 1119 1200 eo
1134 1145 1197 1199 sine
1214 1140 1404 1198 damnatione
1424 1155 1472 1197 er-

332 1240 410 1296 roris
422 1242 468 1296 sui
480 1241 670 1310 reciperetur.
685 1243 854 1296 Sermonem
871 1240 997 1310 denique
1013 1254 1100 1296 suum
1112 1253 1199 1309 quem
1211 1252 1300 1308 super
1311 1236 1369 1293 hac
1381 1253 1418 1295 re
1431 1239 1471 1295 ad

332 1337 511 1408 Stephanum
528 1341 691 1396 Muranum
708 1339 879 1396 Pontificem
896 1339 1009 1406 habuit,
1025 1339 1079 1395 tall
1096 1338 1153 1394 tine
1169 1337 1326 1408 complevit
1342 1358 1349 1394 :
1366 1361 1380 1384 a
1397 1340 1471 1396 flaec

333 1459 348 1482 ι
361 1436 399 1490 ad
415 1439 623 1494 conscientiam
638 1438 732 1504 tuam
749 1439 843 1494 nater
859 1438 1020 1504 carisdme,
1033 1437 1064 1493 et
1075 1449 1129 1507 pro
1141 1436 1252 1492 honore
1268 1438 1421 1494 communi
1439 1439 1471 1493 et

333 1557 347 1580 ι
361 1533 486 1604 simplici
504 1535 657 1591 dilectione
678 1535 865 1605 protudimus,
885 1535 1038 1592 credentes
1059 1535 1149 1591 etiam
1167 1535 1220 1591 tibi
1239 1548 1293 1606 pro
1310 1534 1470 1606 religionis

333 1654 346 1676 a
359 1630 420 1686 luae
435 1631 465 1687 ct
481 1631 547 1687 fidei
562 1633 688 1688 vertute
703 1625 829 1703 placere,
846 1647 912 1703 quae
928 1635 958 1688 et
973 1633 1110 1704 religiosa
1126 1632 1237 1702 pariter
1248 1630 1279 1687 et
1293 1647 1367 1688 vera
1381 1633 1466 1690 sunt.

332 1752 346 1774 v·
360 1731 496 1786 Ceterum
517 1730 626 1784 scimus
644 1729 785 1799 quosdam
804 1730 882 1800 quod
901 1728 991 1785 semel
1010 1729 1188 1785 imbiberunt
1208 1728 1286 1784 nolle
1304 1728 1466 1799 deponere,

331 1851 344 1872 ι
360 1841 412 1883 neo
424 1829 607 1898 propositum
625 1841 712 1884 suum
724 1827 811 1884 facile
823 1828 954 1894 mutam
974 1827 1025 1884 sed
1043 1827 1126 1883 salvo
1144 1827 1222 1882 inter
1233 1826 1361 1896 collegas
1381 1829 1467 1897 pacis

330 1948 344 1970 n
359 1925 389 1980 ct
407 1923 571 1980 concordia
592 1925 725 1990 vinculo,
744 1925 878 1995 quedam
900 1927 1033 1995 propria,
1053 1939 1119 1995 quae
1136 1924 1213 1995 apud
1235 1939 1267 1980 se
1287 1924 1380 1980 semel
1404 1925 1467 1981 sint

330 2047 343 2068 ι·
357 2024 508 2093 usurpata,
525 2023 661 2079 refluere.
676 2025 739 2089 Qua
753 2025 783 2078 iu
800 2039 833 2080 re
849 2039 907 2080 non
922 2026 983 2080 viru
999 2026 1136 2095 cuiquam
1152 2023 1275 2079 iacimus
1293 2021 1348 2079 aut
1363 2023 1464 2093 legem

328 2143 343 2166 ο
357 2120 471 2186 damus,
489 2121 559 2190 quin
575 2119 681 2177 habeat
696 2121 726 2175 in
742 2122 873 2178 ecclesiae
891 2121 1143 2179 administratione
1159 2121 1318 2178 voluntatis
1334 2135 1400 2178 suae
1416 2136 1465 2178 ar·

329 2242 343 2264 v·
357 2217 477 2274 bitrium
501 2219 626 2274 liberum
647 2221 846 2289 unusquisque
867 2221 905 2276 sit
927 2221 1115 2290 praepositus,
1138 2220 1282 2276 rationem
1304 2219 1392 2275 actus
1416 2221 1464 2276 sui

329 2339 343 2361 „
358 2315 480 2370 Domino
499 2316 679 2372 redditurus.
701 2341 714 2364 n
732 2318 775 2373 Ad
792 2318 966 2374 lubaianum
984 2333 1100 2389 quoque
1115 2318 1152 2373 de
1167 2317 1314 2374 haereticis
1331 2317 1465 2390 rebapti-

325 2411 424 2468 zandis
437 2413 577 2479 scribens,
592 2414 621 2467 in
635 2413 692 2468 fine
702 2413 791 2469 libelli
804 2415 846 2470 sic
859 2415 997 2484 loquutus
1007 2415 1053 2471 est
1067 2435 1073 2470 z
1091 2437 1104 2460 κ
1120 2416 1188 2470 llaec
1199 2415 1253 2470 tibi
1263 2415 1396 2471 breviter
1406 2431 1463 2487 pro

327 2541 341 2563 n
355 2518 456 2572 nostra
474 2517 675 2573 mediocritate
694 2518 877 2587 scripsimus,
898 2519 990 2574 trater
1009 2519 1174 2584 carissime,
1195 2519 1302 2574 nemini
1320 2521 1463 2589 praescri·

326 2638 340 2660 n
354 2614 455 2670 bentes
467 2615 519 2669 aut
531 2615 765 2684 praejudicantcs,
779 2616 934 2685 quominus
951 2615 1149 2686 unusquisque
1161 2616 1365 2686 episcoporum
1379 2620 1463 2688 quod

326 2737 340 2759 n
354 2714 439 2782 pulnt
457 2713 555 2779 saciat,
574 2714 684 2770 habens
697 2714 812 2770 arbitrii
830 2715 953 2770 liberam
967 2715 1153 2784 potestatem.
1173 2717 1242 2782 Nos,
1261 2715 1410 2785 quantum
1431 2719 1462 2774 in

328 2837 341 2859 n
356 2813 439 2869 nobis
453 2815 509 2879 est,
522 2815 643 2884 propter
655 2813 810 2870 haereticos
822 2829 890 2871 cum
903 2814 1022 2884 collegis
1040 2815 1071 2871 et
1083 2815 1261 2886 coepiscopis
1272 2816 1385 2872 nostris
1401 2833 1462 2873 non

328 2935 341 2957 ι·
356 2911 570 2977 contendimus,
583 2927 650 2967 cum
663 2912 767 2981 quibus
780 2911 908 2968 divinam
921 2911 1107 2968 concordiam
1122 2912 1152 2968 et
1163 2911 1338 2968 dominicam
1351 2926 1461 2983 pacem

326 3034 339 3056 n
353 3009 497 3075 tenemus,
514 3011 642 3066 maxime
658 3025 724 3065 cum
741 3009 890 3080 apostolus
906 3010 1008 3066 dicat:
1029 3013 1063 3066 Si
1081 3011 1159 3081 quis
1177 3010 1291 3068 autem
1311 3012 1461 3081 putave-

324 3131 337 3154 n
351 3109 400 3164 rit
420 3123 457 3164 se
477 3109 737 3165 contentiosum
758 3123 850 3176 esse,
871 3124 933 3166 nos
950 3110 1057 3166 talem
1075 3109 1367 3167 consuetudinem
1389 3127 1460 3168 non

322 3204 531 3270 „habemus
562 3219 623 3261 nec
651 3207 804 3264 ecclesia
833 3209 900 3264 Dei.
933 3207 1075 3264 Servatur
1099 3223 1118 3263 a
1142 3208 1225 3264 nobis
1249 3208 1401 3278 patienter
1428 3213 1461 3268 et

323 3329 336 3350 ω
351 3304 456 3359 leniter
476 3304 584 3361 caritas
609 3307 713 3373 animi,
739 3307 853 3378 collegii
880 3306 988 3374 honor,
1011 3305 1160 3364 vinculum
1186 3307 1267 3376 lidei,
1292 3311 1460 3366 concordia
1579 3355 1580 3364 ,

322 3425 336 3449 n
351 3401 516 3459 sacerdotii.
533 3427 548 3449 n
562 3403 596 3474 (1)

346 3645 374 3701 til
385 3645 414 3691 P.
423 3643 451 3692 L.
463 3646 482 3691 t
494 3645 585 3692 xxiii.
595 3657 620 3703 p.
635 3649 674 3692 177
685 3659 739 3705 sqq.
