3132 5140
263 490 327 560 uir.
351 489 390 535 ιιι.
412 488 447 533 ιιι
468 486 502 533 us
522 485 586 542 oon
607 487 672 532 eurr
693 485 842 533 cliursrus
862 485 888 531 s.
913 487 1062 534 ιοιιτιιιιι.
1177 474 1232 533 all

101 683 176 759 quae
204 661 287 734 erat
312 653 477 732 ecclesiae
507 652 708 742 Romanae,
744 652 880 754 ubique
911 651 1118 752 urgendum
1148 657 1238 730 tuno

102 817 168 869 uon
184 791 466 869 existimaverit.
490 836 537 845 —
556 790 749 866 Praeterea

142 954 182 1025 2⁰·
200 949 287 1025 Non
317 947 408 1024 satis
437 947 636 1050 perspicua
661 949 749 1023 suut
774 944 841 1022 illa
869 946 986 1022 verba
1010 969 1167 1022 monere
1193 949 1236 1022 in

101 1085 225 1159 ordine
245 1113 255 1158 :
274 1085 398 1184 potest
415 1080 597 1157 nimirum
615 1080 652 1157 id
671 1080 725 1157 ita
742 1078 901 1180 intelligi
916 1082 960 1156 ut
972 1079 1144 1181 permissi
1164 1081 1240 1160 siut

102 1243 249 1296 munera
271 1219 330 1296 sui
356 1218 497 1295 ordinis
520 1241 707 1306 exercere,
733 1216 793 1292 vel
817 1217 870 1293 ita
890 1220 1038 1293 tantum
1060 1222 1102 1295 ut
1123 1243 1168 1294 ex
1194 1244 1236 1297 eo

102 1380 168 1432 non
201 1337 454 1458 dejicerentur
488 1354 591 1456 turpi
627 1354 789 1456 quadam
822 1353 1107 1454 degradatione,
1138 1355 1236 1454 jussi

102 1492 219 1565 tamen
243 1489 415 1590 deinceps
442 1488 489 1564 ab
516 1488 597 1588 ejus
627 1487 805 1564 exercitio
835 1486 1032 1564 abstinere.
1061 1488 1237 1566 —Oete

103 1648 180 1699 rum
202 1625 300 1702 hanc
325 1623 509 1701 laxiorem
531 1623 768 1726 disciplinam
791 1648 814 1700 a
836 1622 993 1701 Callisto
1023 1649 1097 1702 non
1123 1626 1238 1703 fuisse

102 1758 352 1858 approbatam,
378 1757 442 1833 sed
470 1755 670 1832 toleratam
692 1760 854 1845 tantum,
883 1761 985 1859 patet
1005 1784 1051 1834 ex
1074 1760 1238 1838 textibus

103 1889 138 1966 S.
154 1891 357 1992 Scripturae
376 1889 440 1992 qui
458 1892 504 1966 ab
522 1915 565 1967 eo
584 1890 623 1966 in
637 1891 734 1967 hanc
753 1915 831 1966 rem
849 1891 952 1968 citati
967 1893 1014 1969 ab
1028 1893 1235 1998 Hippolyto

102 2023 318 2102 referuntur.
357 2025 407 2102 Et
436 2024 628 2127 probabile
657 2029 714 2102 est
747 2024 831 2101 illos
865 2027 990 2102 textus
1024 2027 1235 2106 referendos

102 2159 207 2234 etiam
229 2184 310 2236 esse
333 2159 381 2235 ad
406 2157 534 2235 omnia
556 2183 600 2235 ea
623 2183 707 2260 quae
728 2158 946 2260 praecedunt
969 2164 1050 2238 eta
1078 2161 1236 2240 Callisto

102 2294 256 2394 prolatos
275 2319 356 2372 esse
372 2295 582 2396 generatim
600 2299 731 2372 contra
748 2292 998 2397 Hippolytum
1015 2300 1052 2373 et
1069 2297 1163 2374 alios
1180 2298 1236 2374 illi

14 2535 15 2538 Ἴ
103 2431 247 2523 similes,
272 2433 336 2535 qui
355 2456 483 2509 omnes
502 2431 646 2532 eosqui
665 2431 704 2507 in
726 2429 876 2532 aliquod
903 2455 1019 2531 grave
1044 2438 1237 2533 peccatum

14 2549 15 2592 ³
101 2565 154 2640 vel
179 2566 439 2644 ecclesiasticae
469 2565 677 2668 disciplinae
706 2565 1042 2666 transgressionem
1060 2566 1237 2670 prolapsi

14 2773 15 2826 ἢ
101 2707 227 2792 essent,
254 2703 383 2779 statim
407 2701 454 2778 ab
471 2699 628 2777 ecclesia
650 2700 877 2802 separandos
895 2698 954 2775 vel
972 2701 1019 2776 ab
1037 2701 1237 2804 episcopali

14 2851 16 2880 ³
101 2841 160 2913 aut
187 2836 411 2915 sacerdotali
437 2837 622 2938 dignitate
646 2836 872 2938 dejiciendos
902 2835 1165 2914 contenderent
1182 2841 1192 2936 (
1209 2841 1232 2936 ).

14 2983 16 3004 ⁸
146 2999 207 3082 lo.
230 3020 342 3083 VIII.
379 3039 394 3067 a
428 3003 578 3080 Etenim
608 3008 645 3081 et
679 3003 904 3079 mulieribus
934 3005 1104 3104 permisit
1133 3011 1175 3114 ut
1204 3007 1235 3082 si

14 3165 15 3180 ι
103 3136 299 3240 -innuptae
330 3142 453 3214 essent
483 3138 762 3239 flagrarentque
792 3160 919 3215 amore
945 3142 1056 3214 aetate
1080 3139 1237 3242 indigna

14 3327 15 3340 ι
104 3272 194 3348 ”vel
212 3273 433 3374 dignitatem
451 3297 560 3349 suam
577 3259 732 3375 perdere
752 3270 893 3349 nollent
913 3272 1081 3372 legitimo
1106 3277 1236 3352 matri-

106 3407 277 3496 ¹·1nonio,
323 3407 505 3483 haberent
543 3430 679 3494 unum,
722 3429 993 3506 quemcumque
1035 3404 1234 3507 eligerent,

106 3575 120 3602 ν
139 3543 396 3631 concubinum,
418 3541 498 3616 sive
517 3564 682 3629 servum,
702 3539 782 3616 sive
801 3537 974 3627 liberum,
994 3563 1153 3640 eumque
1170 3540 1236 3618 ha·
1269 3548 1275 3560 '

106 3707 119 3737 ι
138 3677 236 3754 beret
248 3643 322 3794 'pro
340 3677 477 3753 marito
498 3700 572 3751 non
590 3674 757 3775 legitime
777 3677 894 3776 nupta
914 3709 929 3738 n
948 3673 997 3771 (a).
1021 3719 1068 3728 —
1087 3672 1238 3752 Scilicet

104 3811 201 3906 (nihil
222 3813 323 3890 euim
340 3811 444 3889 aliud
468 3810 529 3887 hic
547 3810 748 3908 indicatur)
768 3809 949 3886 Callistus
967 3808 1137 3909 permisit
1155 3835 1236 3888 mu·

14 3975 15 4006 ι
103 3943 246 4026 lieribus
268 3954 312 4026 ut
334 3946 618 4025 matrimonium
643 3945 891 4022 christianum
917 3943 1056 4022 inirent
1079 3970 1165 4021 cum
1191 3947 1238 4023 iis

104 4083 315 4182 quibuscum
343 4082 551 4160 ¹secundum
583 4079 685 4181 leges
720 4080 914 4157 Romanus
932 4079 1056 4179 justas
1086 4079 1236 4180 nuptias

104 4221 314 4298 contrahere
338 4244 412 4295 nou
442 4221 606 4319 possent,
639 4216 702 4293 sed
733 4213 964 4292 solummodo
994 4213 1235 4291 consociatio-

14 4581 15 4590 :
131 4511 160 4578 (u
173 4512 226 4564 Csr.
240 4512 373 4577 pretereo
382 4510 509 4574 snpruN.
519 4511 544 4558 7.
714 4505 743 4570 (ι)
754 4503 879 4569 append.
894 4516 956 4568 pag.
970 4497 1008 4556 lo
1020 4503 1089 4555 extr.
