3208 5150
346 457 406 499 uua
430 457 449 500 ι.
475 457 569 501 crura
592 458 698 502 turnus
720 459 814 502 nuum
836 460 965 518 venenu,
992 463 1052 504 mn
1233 449 1269 505 27

156 635 199 701 b.
222 620 350 720 Magis
372 621 485 698 etiam
509 622 726 738 incredibile
749 631 817 714 est,
844 625 1043 703 historiam
1062 628 1270 730 praeceden-

96 755 213 830 tium
232 754 481 830 certaminum
500 755 553 832 ita
571 758 736 859 potuisse
753 759 868 838 deleri
887 786 955 864 per
973 764 1267 866 suppositionem

96 885 371 988 complurium
393 888 703 970 documentorum
727 879 1030 999 apocryphorum
1053 903 1096 976 ut
1121 898 1266 975 nullum

95 1025 193 1124 ejus
214 1022 420 1122 vestigium
441 1025 501 1102 vel
524 1027 638 1103 etiam
662 1031 824 1131 suspicio
843 1032 946 1108 cirea
964 1031 1069 1110 illam
1087 1037 1268 1135 appareat

97 1158 143 1233 in
165 1159 425 1234 monumentis
444 1160 633 1238 historicis
652 1163 737 1240 inde
754 1166 801 1241 ab
824 1165 981 1242 ineunte
998 1166 1123 1243 seculo
1143 1167 1213 1244 Ill.

154 1339 194 1385 c.
224 1306 385 1384 Omnem
411 1313 538 1385 autem
565 1311 727 1412 fingendi
755 1315 954 1390 audaciam
986 1319 1138 1417 superat
1167 1314 1264 1416 quod

98 1448 338 1546 supponunt
367 1446 473 1522 Baur
496 1449 533 1522 et
563 1448 629 1523 alii
655 1449 905 1551 Tuhingensis
934 1450 1073 1526 schola
1096 1449 1262 1538 asseolae,

96 1576 257 1653 librum
280 1579 444 1654 Actuum
468 1581 734 1677 Apostolorum
757 1585 1022 1686 postmodium
1041 1582 1207 1660 seculum
1227 1583 1264 1659 ΙΙ

97 1710 373 1811 conscriptum
388 1736 467 1820 esse
481 1719 612 1790 Itonue
630 1716 675 1791 ad
695 1717 1040 1794 reconciliationem
1059 1717 1263 1794 lactionum

94 1844 422 1922 adversariarum
447 1828 725 1948 perficiendam,
754 1852 851 1926 unde
881 1857 916 1928 et
941 1851 1124 1954 primatus
1149 1850 1262 1926 eccle-

94 1981 171 2059 siic
204 1983 393 2060 Romanae
419 1985 607 2062 stabilitus
634 1987 780 2075 fuisset,
806 2013 923 2089 quum
945 1993 1070 2064 tanren
1098 1986 1192 2063 nihil
1224 1987 1262 2062 in

91 2145 139 2194 ee
177 2117 282 2192 libro
313 2117 495 2195 habeatur
524 2120 568 2195 de
599 2121 704 2197 Petri
737 2121 872 2198 Romae
903 2120 1195 2197 commoratione
1225 2125 1262 2196 et

92 2253 329 2354 episcopatu
355 2284 362 2328 :
389 2279 502 2355 qnam
529 2261 628 2332 certe
659 2256 902 2332 traditionem
929 2257 998 2332 hoc
1029 2261 1195 2357 tempore
1225 2260 1262 2331 et

96 2391 247 2468 Romae
274 2394 312 2465 et
336 2390 375 2466 in
401 2389 486 2466 aliis
513 2391 678 2467 ecclesiis
711 2397 899 2494 receptam
926 2393 1041 2469 luisse
1067 2399 1104 2468 et
1129 2415 1259 2467 monu-

93 2527 237 2600 menta
260 2524 439 2602 historica
460 2530 587 2629 aperte
609 2527 881 2616 demonstrant,
911 2554 978 2604 nec
1009 2529 1100 2630 ipse,
1133 2527 1256 2616 eredo,

92 2659 292 2736 diffitetur
315 2661 430 2736 Baur.
452 2707 499 2750 -.··
519 2662 611 2737 Haec
635 2663 681 2738 ad
706 2661 810 2738 illius
829 2661 1042 2764 systematis
1066 2660 1257 2738 refutatio-

95 2819 190 2870 nem
210 2793 358 2870 affatim
376 2795 546 2871 sufficere
564 2796 752 2873 videntur.
1086 2771 1088 2776 Ι

150 2958 223 3041 29.
250 2961 309 3038 Ex
332 2963 440 3040 dictis
463 2967 541 3040 tete
567 2964 636 3041 hoe
659 2965 781 3065 capite
804 2963 1028 3040 concludere
1051 2963 1150 3052 lieet,
1179 2966 1255 3044 Ro·

92 3123 261 3175 manum
286 3100 389 3176 Petri
408 3101 479 3177 iter
496 3106 532 3178 et
549 3102 806 3203 episcopatum
830 3100 1037 3176 secundum
1066 3101 1255 3178 historicae
1369 3079 1371 3084 Ι

91 3234 247 3310 criticae
282 3234 432 3334 regulas
467 3240 509 3312 ut
542 3235 764 3338 simpliciter
798 3241 948 3312 eertum
983 3235 1254 3312 admittendum

92 3393 197 3442 esse.
227 3366 355 3443 Nolim
380 3373 506 3445 tamen
532 3395 618 3446 cum
649 3370 873 3472 quilmsdam
901 3369 1144 3470 scriptoribus
1171 3396 1255 3447 eon-

94 3503 257 3578 tendere
281 3501 357 3578 tale
379 3485 471 3579 illud
495 3530 574 3580 esse
597 3503 742 3580 factum
767 3529 840 3604 quo
859 3502 954 3579 nihil
973 3503 1023 3578 sit
1039 3504 1179 3580 certius
1198 3507 1254 3602 (de

94 3633 183 3711 sola
210 3634 435 3711 certitudine
462 3637 641 3714 historica
668 3638 728 3713 hic
761 3663 908 3740 semper
938 3663 1146 3713 sermonem
1173 3665 1252 3714 esse

93 3795 289 3872 suppone,
317 3795 389 3845 non
414 3777 538 3849 autem
569 3773 614 3848 de
649 3765 715 3849 illa
745 3799 828 3874 quae
859 3799 905 3849 ex
935 3772 1162 3849 revelatione
1191 3774 1250 3851 vel

93 3931 140 3980 ex
168 3905 403 3980 connexione
425 3931 509 3982 cum
537 3907 713 3983 revelatis
740 3907 830 3983 oriri
860 3911 991 4009 petest.
1023 3905 1102 3983 Cir.
1136 3933 1251 4009 supra

95 4041 271 4116 Proeem.
302 4041 350 4114 N.
371 4045 394 4116 3
419 4041 527 4139 init).
556 4043 705 4119 Etenim
723 4068 913 4119 summum
934 4041 1122 4118 historica
1144 4044 1251 4118 certi-

93 4179 245 4255 tudinis
270 4179 430 4278 gradum
454 4205 498 4257 ea
519 4186 667 4258 tantum
691 4183 883 4282 attingunt
912 4206 996 4281 quae
1026 4180 1248 4256 testimoniis

94 4316 254 4392 disertis
278 4341 323 4392 ae
348 4317 509 4394 indubiis
532 4320 685 4396 testium
710 4318 947 4396 oculatorum
972 4318 1122 4392 firmata
1146 4321 1243 4392 sunt.

95 4451 145 4527 .lt
165 4450 205 4525 in
227 4474 268 4524 rc
288 4453 428 4537 nestra,
449 4448 544 4550 qnod
563 4452 607 4528 ad
630 4453 845 4531 Romanum
864 4450 968 4528 Petri
993 4449 1247 4548 episcopatum
