3132 5140
337 469 396 529 252
569 483 639 529 mss.
663 484 691 528 ll.
714 483 751 528 DE
771 482 910 528 coornat.
932 481 1014 527 cmm
1036 480 1117 526 nim.
1142 481 1254 527 nahar.

229 671 231 676 ’
336 651 408 746 (an.
438 647 586 724 circiter
614 651 713 745 217),
744 647 805 723 cui
832 643 1055 748 praesidebat
1080 645 1312 747 Agrippinas
1337 647 1457 748 episco-
1547 679 1548 682 ¹

337 806 406 882 pus
429 780 751 883 Carthaginensis‚
780 779 1026 856 constitutum
1051 783 1107 855 est
1136 779 1374 881 baptizandos
1393 804 1458 855 esso

337 941 464 992 omrres
482 917 678 994 haereticos
700 917 765 1018 qui
783 915 829 992 ad
848 913 1042 992 ecelesiam
1064 913 1283 990 accederent
1306 919 1352 1012 (ι).
1372 913 1457 990 Iden
1548 889 1549 900 ἵ

338 1074 418 1126 mos
440 1050 600 1128 obtinuit
625 1051 664 1126 in
681 1051 774 1127 Asia
795 1053 846 1148 (i,
872 1052 909 1125 et
931 1048 971 1124 in
993 1048 1163 1126 Concilio
1193 1048 1386 1136 iconiensi,
1408 1047 1456 1122 cui

338 1185 459 1264 adfuit
484 1187 742 1274 Firmilianus,
763 1187 909 1262 decreto
927 1185 1092 1261 sancitus
1118 1188 1174 1261 est
1196 1188 1246 1283 ().

392 1357 428 1440 2.
452 1363 629 1440 Attamen
651 1363 690 1439 in
715 1363 798 1464 ipsa
819 1361 949 1439 Africa
973 1363 1018 1438 de
1047 1363 1161 1463 hujus
1188 1365 1304 1440 moris
1330 1363 1463 1439 rectitu-

341 1497 426 1574 dine
444 1499 656 1577 dubitatum
682 1500 797 1576 fuisse
815 1499 976 1576 ostendit
997 1499 1241 1600 interrogatio
1268 1488 1364 1578 circa
1379 1499 1466 1575 hanc

340 1657 418 1709 rem
447 1635 494 1711 ab
524 1635 705 1738 episcopis
737 1635 910 1712 Numidis
941 1634 1144 1711 octodecim
1174 1635 1220 1712 ad
1248 1635 1467 1738 Cypriorum

341 1770 484 1848 directa
505 1775 555 1870 (a).
577 1773 672 1850 Eam
697 1773 872 1850 discussit
894 1773 1108 1875 Cyprianus
1134 1772 1174 1848 in
1198 1772 1364 1850 Concilio
1385 1773 1468 1851 Car-

340 1903 554 2005 thaginensi
567 1911 605 1983 et
622 1933 689 1984 suo
707 1931 750 1984 ac
767 1913 811 1983 31
833 1907 1091 2008 episcoporum
1109 1906 1260 1982 nomine
1276 1906 1468 2010 rescripsit,

341 2030 525 2107 neminem
551 2036 658 2110 extra
683 2031 877 2108 ecelesiam
904 2057 969 2108 seu
994 2033 1041 2108 ah
1065 2031 1251 2109 haereticis
1278 2033 1337 2109 vel
1365 2033 1470 2110 schis-

341 2165 487 2243 maticis
510 2166 633 2244 valide
657 2167 840 2269 baptizari
862 2191 969 2268 posse
986 2169 1036 2264 (a).
1064 2165 1187 2243 Paulo
1205 2171 1289 2268 post
1310 2166 1473 2243 similiter

341 2303 534 2404 respondit
559 2303 607 2380 ad
638 2302 822 2391 Quintum
848 2305 899 2399 (·)‚
928 2301 966 2375 in
993 2299 1226 2376 Mauritania
1251 2301 1471 2402 episcopum,

341 2435 388 2512 ad
414 2461 524 2538 quem
548 2442 585 2515 et
607 2436 799 2538 exemplar
819 2434 985 2538 epistolae
1011 2435 1058 2512 ad
1087 2435 1271 2511 Numidas
1295 2435 1395 2512 misit
1420 2437 1470 2532 (a).

340 2569 551 2672 Utramque
585 2571 698 2648 etiam
732 2569 928 2672 epistolam
962 2569 1256 2646 communicavit
1280 2595 1367 2646 cum
1398 2569 1473 2646 Ste-

337 2703 462 2804 phano
493 2706 542 2782 R.
577 2707 622 2782 P.
657 2709 708 2804 (a),
740 2731 814 2782 non
843 2711 968 2782 tamen
1004 2705 1313 2806 Carthaginensis
1343 2705 1473 2784 decreti

338 2837 660 2915 confirmationem
686 2843 826 2942 petens,
853 2839 916 2915 sed
940 2839 1198 2917 tantummodo
1221 2866 1268 2916 ne
1292 2839 1384 2918 illud
1408 2841 1474 2915 im·

338 2971 523 3071 probaret.
547 2972 759 3074 Stephanus
783 2978 909 3050 autem
938 2973 1030 3051 adeo
1055 2974 1209 3052 moleste
1236 2976 1329 3052 illud
1355 2977 1474 3053 decre-

339 3111 419 3183 tum
437 3107 525 3185 tulit
548 3113 590 3185 ut
611 3110 801 3212 episcopos
827 3135 851 3186 a
874 3109 1014 3211 synodo
1034 3111 1325 3212 Carthaginensi
1346 3110 1476 3187 missos

343 3277 359 3307 κ
380 3268 447 3320 nec
464 3245 512 3322 ad
530 3271 737 3324 sermonem
755 3249 931 3352 colloquii
949 3251 1157 3327 communis
1175 3251 1399 3339 admitteret,
1415 3250 1476 3326 ad·

342 3415 358 3444 a
380 3379 454 3455 huo
477 3378 631 3482 insuper
653 3384 872 3486 praeciperet
889 3409 934 3461 ne
952 3386 1035 3486 quis
1059 3412 1121 3463 eos
1147 3387 1185 3462 in
1202 3386 1352 3463 dearum
1372 3407 1475 3462 suam

379 3634 410 3690 h)
424 3629 476 3695 Ep.
500 3631 535 3682 ad
553 3633 645 3693 Quint.
665 3638 733 3687 extr.
755 3637 888 3701 (append.
924 3639 957 3688 ad
971 3638 1100 3702 cyprian.
1114 3653 1139 3690 n.
1159 3641 1188 3690 m
1201 3640 1333 3704 (Append.
1348 3657 1410 3707 pag.
1424 3639 1473 3703 llil.

337 3737 400 3790 pag.
413 3722 477 3792 54„
492 3729 533 3780 Ad
545 3730 674 3784 Jubaian.
688 3747 715 3784 n.
726 3735 741 3784 3
754 3733 888 3798 (append.
956 3735 986 3800 (a)
1002 3736 1108 3787 Firmil.
1123 3737 1211 3802 Epist.
1229 3743 1307 3789 nni
1324 3743 1392 3792 extr.
1409 3745 1435 3790 et
1448 3739 1475 3788 19

338 3837 400 3890 pag.
420 3819 467 3880 56)
486 3854 519 3865 -
539 3827 638 3878 Utrum
657 3832 747 3880 autem
769 3831 803 3880 ad
823 3830 891 3881 iliud
926 3833 1059 3896 (Append.
1073 3847 1154 3899 pagg.
1168 3830 1202 3886 67
1214 3839 1294 3898 exin,
1307 3833 1361 3896 701.

335 3915 453 3963 edictum
473 3915 619 3980 Agrippini
639 3917 765 3970 alluserit
780 3919 887 3970 Tertul-
955 3927 984 3979 (a)
999 3923 1079 3973 Anno
1098 3924 1203 3975 254v01
1221 3927 1277 3977 255.
1292 3957 1324 3965 -
1342 3929 1394 3980 Cir.
1408 3925 1474 3974 inira

338 4001 429 4068 lienus
447 4004 487 4055 De
502 4003 584 4070 Bapt.
602 4021 662 4072 cap.
683 4011 712 4059 15
728 4009 771 4072 (P.
791 4009 821 4060 L.
836 4013 855 4062 t.
868 4010 890 4062 1.
926 4012 960 4062 N.
974 4014 998 4062 7.

337 4113 363 4163 p.
379 4101 460 4164 1216),
471 4115 506 4152 an
518 4103 552 4152 ab
566 4103 626 4168 ipso
639 4103 808 4156 Tertulliano
818 4107 889 4157 hanc
956 4109 987 4171 (s)
1002 4107 1127 4172 Append.
1141 4125 1204 4176 pag.
1218 4107 1261 4163 51.

336 4197 490 4250 doctrinam
503 4201 641 4266 acceperit
652 4201 831 4267 Agrippinas,
843 4204 890 4256 ad·
960 4209 989 4270 (a)
1002 4209 1127 4272 Append.
1141 4225 1202 4276 pag.
1215 4205 1263 4262 52.

336 4288 447 4339 modum
460 4289 593 4342 incertum
606 4294 656 4344 est.
954 4303 983 4362 (a)
995 4299 1083 4363 Epist.
1096 4300 1131 4351 ad
1144 4301 1235 4361 Quint.
1255 4305 1324 4356 extr.
1345 4297 1469 4368 (append.

367 4385 397 4446 (a)
410 4384 444 4435 Et
455 4385 565 4448 quidem
578 4388 652 4438 ultra
664 4401 773 4440 omnem
787 4405 888 4442 memo-
923 4409 985 4460 pag.
1001 4392 1059 4461 54).

335 4480 414 4542 riam,
433 4483 461 4534 nt
477 4483 575 4535 asserit
597 4485 776 4539 Firmilianus
795 4489 881 4553 Epist.
950 4493 980 4556 (a)
993 4494 1119 4559 Append.
1134 4509 1197 4559 pag.
1209 4489 1257 4547 54.
