3154 5134
438 467 502 514 cur.
527 469 567 514 ιιι.
592 469 639 514 nu.
665 469 710 512 ιι.
734 467 779 514 ιι.
805 453 952 514 asu-511.
1206 461 1259 520 521

110 643 305 711 Cornelius
328 633 379 729 (1).
403 632 454 709 At
478 657 552 710 uon
577 632 630 710 ita
652 635 796 710 eertum
818 637 874 710 est
899 658 972 735 quo
994 659 1094 713 anno
1115 638 1261 716 obierit.

110 767 271 844 Annum
301 767 465 870 profecto
490 773 563 845 252
592 792 658 870 per
688 766 859 844 consules
891 767 1033 854 indicat
1058 769 1263 871 Oatalogus

111 904 358 982 Liberiauus.
376 905 446 982 Sed
465 904 564 982 idem
581 903 788 1006 Catalogus
806 903 908 981 ultra
924 904 1017 981 duos
1035 928 1155 982 annos
1174 906 1265 984 Cor·

110 1037 258 1116 nelium
276 1039 414 1116 sedisse
431 1040 609 1128 affirmat,
634 1039 886 1117 consentiente
910 1039 1085 1129 Eusebia
1106 1041 1170 1142 qui
1188 1053 1263 1119 tres

109 1171 265 1250 circiter
288 1197 406 1250 annos
427 1173 483 1249 illi
501 1173 686 1250 attribuit.
707 1172 840 1275 Itaque
857 1197 978 1249 annus
997 1177 1070 1249 253
1087 1173 1262 1250 obitualis

110 1307 283 1384 Cornelii
301 1308 451 1386 omniuo
469 1308 646 1386 dicendus
664 1309 825 1386 videtur.

163 1494 206 1578 6.
225 1498 365 1576 Omnia
388 1522 519 1574 rursus
543 1499 763 1600 perturbata
780 1500 868 1574 sunt
888 1497 927 1573 in
951 1496 1134 1598 Catalogo
1153 1499 1261 1576 Libe·
1303 1513 1307 1524 ’

109 1635 223 1710 riano
253 1634 355 1711 eirea
383 1637 554 1736 tempora
584 1633 707 1722 Lucii,
732 1632 913 1735 Stephani
940 1635 977 1708 et
1004 1631 1117 1732 Xysti
1140 1631 1191 1709 II.
1220 1633 1261 1710 Si

110 1774 215 1848 enim
232 1773 346 1848 etiam
359 1796 426 1874 per
443 1772 543 1848 solos
560 1797 678 1849 annes
697 1771 860 1870 (omissis
874 1770 1065 1847 mensibus
1080 1773 1118 1845 et
1130 1769 1260 1847 diebus

28 1937 30 1942 ·
109 1906 281 2007 adjectis)
312 1906 527 1982 durationes
557 1905 793 2006 singulorum
827 1903 1113 2006 pontificatuum
1149 1903 1189 1979 in
1218 1929 1261 1980 eo

109 2043 317 2143 assignatae
347 2042 460 2119 simul
494 2046 771 2145 computentur,
810 2041 970 2117 habetur
999 2040 1081 2140 jam
1114 2063 1263 2115 summa

109 2203 300 2255 annorum
326 2203 473 2255 novem.
498 2179 615 2281 Atqui
637 2183 784 2256 eertum
801 2182 857 2254 est
880 2175 1044 2278 Xystum
1062 2173 1101 2250 II
1119 2177 1259 2275 marty-

110 2312 214 2388 rium
248 2335 400 2414 passum
437 2337 516 2390 esse
550 2311 647 2389 VIII
684 2311 733 2387 id.
771 2313 870 2411 Aug.
912 2312 999 2386 ante
1033 2308 1260 2409 martyrium

109 2445 296 2548 Cypriani
326 2449 377 2545 (a),
410 2447 507 2549 quod
538 2447 697 2548 contigit
732 2451 776 2523 14
806 2445 907 2548 Sept.
932 2444 1054 2520 Tuseo
1079 2446 1116 2520 et
1140 2443 1260 2520 Basso

110 2581 219 2658 Coss
246 2585 286 2680 (a)
304 2607 369 2658 seu
387 2607 449 2658 an.
472 2587 556 2660 258.
585 2582 717 2683 Itaque
735 2580 782 2657 ab
800 2579 904 2656 obitu
923 2574 1090 2655 Cornelii
1112 2574 1159 2652 ad
1182 2570 1259 2651 ebi-

106 2721 191 2794 tum
208 2717 322 2818 Xysti
343 2717 380 2794 II
399 2717 584 2795 hahentur
602 2721 751 2795 tantum
773 2715 862 2792 anni
886 2711 1050 2814 quinque
1073 2707 1134 2784 vel
1157 2733 1222 2784 sex
1249 2739 1256 2784 :

105 2853 208 2928 unde
232 2856 383 2929 coaetus
407 2857 463 2930 est
488 2856 622 2930 auctor
646 2875 790 2950 annum
816 2847 948 2924 mortis
976 2843 1159 2946 Stephani
1190 2843 1258 2919 sub

107 2985 241 3062 iisdem
271 2985 486 3063 consulibus
521 2986 748 3087 consignare
782 2982 917 3084 quibus
947 2979 1029 3079 jam
1064 2979 1261 3051 notaverat

107 3119 287 3196 ultimum
313 3145 458 3197 anuum
491 3121 602 3204 Lucii
632 3120 713 3221 ejus
740 3113 958 3201 decessoris,
990 3132 1106 3212 quum
1135 3112 1261 3184 tamen

108 3257 344 3360 Stephanum
361 3284 423 3336 an.
448 3267 484 3336 4.
507 3283 557 3334 m.
578 3263 615 3335 2.
637 3258 673 3335 d.
694 3261 737 3333 21
760 3254 898 3331 sedisse
916 3245 1149 3325 indicaverit.

159 3443 195 3528 7.
211 3448 270 3523 Ad
290 3448 359 3524 hos
381 3472 532 3525 errores
554 3445 822 3531 emendandos
842 3435 1114 3518 advertendum
1136 3463 1175 3513 a.
1189 3432 1262 3508 Im-

107 3581 241 3681 primis
281 3583 383 3657 eerte
424 3585 526 3658 recte
568 3580 776 3657 indicatum
822 3597 902 3651 esse
948 3571 1046 3647 diem
1086 3566 1259 3668 martyrii

106 3715 219 3817 Xysti
238 3714 290 3804 II,
306 3715 404 3816 quod
423 3715 605 3793 habemus
625 3740 672 3792 ex
686 3708 901 3792 testimonio
919 3729 1046 3784 eoaevo
1060 3701 1255 3804 Cypriani.

141 4025 171 4084 u)
184 4019 285 4072 Utrum
302 4032 365 4071 vero
378 4033 473 4071 mense
484 4019 501 4070 J
504 4020 569 4071 unio
581 4021 666 4083 (quod
699 4029 810 4068 versum
826 4013 922 4065 sciatis
940 4010 1037 4062 octavo
1054 4006 1150 4058 iduum
1169 4007 1260 4072 Augu-

109 4112 242 4173 putarunt
259 4109 464 4170 Hunscuuruns,
488 4110 663 4172 Timauum,
698 4109 804 4159 starum
827 4102 880 4153 die.
906 4121 918 4144 n
943 4098 1025 4162 Cypr.
1055 4093 1144 4158 Epist.
1168 4096 1200 4145 82
1225 4093 1260 4142 ad

109 4203 224 4264 uterque
236 4199 350 4263 Pharus)
362 4213 397 4250 au
411 4200 510 4250 Martio
521 4198 565 4249 rel
576 4198 667 4263 Aprili
701 4197 864 4248 Successum
878 4189 919 4250 ιΡ.
934 4187 965 4237 L.
979 4188 998 4236 t.
1014 4181 1059 4233 IV.
1075 4196 1102 4246 p.
1116 4183 1183 4248 430).

109 4289 191 4352 (quod
216 4289 386 4340 contendunt
409 4288 621 4340 Scuuusrmnrn
643 4293 670 4338 et
735 4285 841 4350 (pheta
849 4281 958 4330 sincera
966 4271 1142 4336 supprimi,
1153 4285 1199 4322 nn.
1210 4271 1260 4332 2,ss
1351 4305 1352 4308 ¹

110 4375 229 4440 ersrus)
243 4389 298 4427 non
307 4377 413 4428 videtur
425 4391 506 4440 posse
519 4378 638 4430 definiri·
706 4375 748 4438 (P.
763 4373 794 4424 L.
808 4374 827 4422 t.
842 4369 892 4420 lll.
903 4380 949 4431 pp.
963 4361 1035 4419 1500,
1047 4361 1129 4423 1506).

140 4473 170 4531 ιι)
184 4488 197 4510 ω
208 4466 325 4530 Xysimu
336 4467 364 4518 iu
373 4469 532 4520 coemeterio
544 4468 667 4518 animad-

1108 4569 1127 4615 u
