3180 5134
348 449 386 514 44
836 463 955 510 tereus.
980 457 1017 510 r.
1046 445 1053 452 '

348 634 398 691 sed
417 646 482 689 eam
500 644 608 700 corpus
621 643 686 686 esse
698 627 868 686 contendit:
884 644 979 701 neque
993 631 1069 690 hanc
1087 632 1217 703 tantum,
1232 634 1284 691 sed
1301 635 1397 704 ipsum
1410 633 1493 690 etiam

348 733 450 786 ileum.
464 731 526 784 Nec
542 728 640 783 tamen
656 725 725 782 hinc
739 725 897 783 haeretlcus
916 727 1028 786 dicitur
1046 730 1153 788 iactus.
1174 733 1279 790 Posset
1292 732 1370 788 enim
1384 747 1494 802 quoquo

347 827 435 883 modo
449 825 548 896 putari
561 825 655 894 ipsam
669 822 806 879 naturam
820 823 1076 898 substantiamque
1088 828 1220 885 divinam
1234 844 1342 900 corpus
1356 844 1493 886 vocare...

348 927 412 980 Non
425 937 497 992 ergo
511 921 576 977 ideo
589 921 635 977 est
644 920 846 977 Tertullianus
860 921 957 978 iactus
970 923 1141 992 haereticus,
1156 925 1208 983 scd
1222 927 1292 996 quia
1303 926 1451 982 transiens
1461 924 1494 980 ad

348 1019 560 1089 cataphrygas,
583 1031 658 1087 quos
680 1017 749 1074 ante
775 1017 976 1088 destruxerat,
998 1021 1089 1092 eoepit
1108 1023 1199 1080 etiam
1218 1023 1364 1080 secundas
1384 1025 1495 1093 nuptias

346 1102 453 1172 contra
465 1113 663 1184 Apostolicam
676 1113 842 1170 doctrinam
861 1116 1004 1186 tanquam
1023 1117 1128 1189 stupra
1147 1118 1300 1187 damnare,
1321 1119 1352 1175 et
1373 1119 1495 1189 postam

346 1215 428 1281 dum,
441 1215 531 1271 etiam
544 1211 582 1268 ab
592 1213 662 1284 ipsis
672 1212 795 1280 divisus,
810 1227 865 1270 sua
874 1215 1083 1272 conventicula
1091 1217 1283 1288 propagavit.
1303 1243 1315 1262 a
1332 1216 1370 1289 (i)

392 1392 433 1455 4.
463 1399 648 1453 Vmcnurrus
674 1397 850 1452 Lrumsusrs
877 1396 958 1466 (flor.
986 1401 1062 1452 ante
1087 1399 1166 1453 used.
1193 1411 1252 1452 sec.
1286 1395 1323 1467 V)
1349 1399 1494 1453 commo

346 1503 454 1559 nitor.
471 1505 492 1558 l.
511 1503 552 1558 18.
570 1524 583 1546 a
605 1501 661 1557 Sed
681 1500 711 1556 et
730 1500 905 1557 Tertulliani
918 1515 1036 1572 quoquc
1049 1503 1152 1558 eadem
1166 1503 1243 1559 ratio
1260 1503 1315 1558 est.
1331 1505 1408 1557 Nam
1424 1501 1495 1558 sicut

347 1599 397 1654 ille
418 1593 580 1671 [Origenes]
594 1596 671 1666 apud
691 1598 819 1663 Graecos,
834 1597 877 1653 ita
890 1597 938 1653 hic
951 1597 1028 1667 apud
1044 1599 1164 1656 Latinos
1178 1599 1349 1654 nostrorum
1367 1599 1494 1655 omnium

346 1696 433 1754 facile
453 1696 589 1766 princeps
605 1693 783 1764 iudicandus
803 1697 858 1752 est.
880 1695 954 1761 Quid
968 1697 1047 1752 enim
1067 1698 1123 1754 hoc
1144 1699 1209 1753 viro
1222 1696 1448 1761 doctiuleuid
1467 1695 1494 1749 in

344 1795 452 1850 divinis
465 1794 555 1863 atque
564 1793 701 1850 humanis
711 1792 799 1848 rebus
809 1794 1017 1852 exercitatiusl
1028 1797 1140 1865 Nempe
1150 1809 1268 1850 omnem
1279 1792 1491 1864 philosophiam

347 1893 378 1947 et
400 1890 523 1947 cunctas
545 1889 788 1960 philosophorum
809 1889 915 1957 sectas,
929 1890 1069 1947 auctores
1088 1891 1316 1960 adsertoresque
1336 1890 1492 1948 sectarum.

348 2001 510 2056 omnesque
524 1999 627 2041 eorum
641 1985 820 2055 disciplinas,
835 2001 952 2042 omnem
966 1987 1160 2056 historiarum
1174 2002 1209 2044 ac
1222 1986 1391 2044 studiorum
1405 1985 1493 2040 varie

348 2083 441 2140 tatem
466 2083 541 2138 mira
558 2081 686 2151 quadam
706 2083 814 2138 mentis
833 2083 997 2152 capacitate
1016 2085 1188 2154 complexus
1207 2082 1262 2140 est.
1284 2082 1404 2153 ingenio
1426 2093 1493 2135 vero

262 2175 267 2182 '
348 2193 445 2236 nonne
455 2178 518 2234 tam
529 2178 613 2247 gravi
627 2191 662 2232 ao
672 2177 839 2234 vehementi
852 2179 995 2235 excelluit
1004 2180 1038 2236 ut
1047 2179 1103 2236 sibi
1114 2163 1186 2235 nihil
1197 2193 1270 2250 pene
1280 2178 1316 2234 ad
1327 2189 1493 2248 expugnari·

347 2277 418 2332 dum
429 2274 618 2346 proposuerit
631 2275 708 2344 quod
719 2290 777 2331 non
790 2276 845 2332 aut
855 2277 991 2333 acumine
1004 2277 1151 2348 inruperit
1160 2278 1213 2333 aut
1223 2276 1354 2347 pondere
1367 2272 1492 2332 eliseritl

347 2376 413 2428 lam
427 2385 517 2441 porro
528 2371 670 2426 orationis
684 2386 746 2427 sua
759 2371 861 2428 laudes
875 2375 941 2442 quis
954 2375 1075 2444 exsequi
1089 2375 1202 2431 valeati
1216 2376 1287 2439 Quae
1301 2373 1387 2430 tanta
1401 2370 1493 2427 nescio
1570 2411 1571 2438 3

347 2483 407 2540 qua
426 2467 576 2523 rationum
590 2467 766 2524 necessitate
786 2467 923 2525 conserta
935 2469 980 2526 est
996 2469 1030 2526 ut
1042 2469 1079 2526 ad
1093 2485 1269 2528 consensum
1283 2471 1328 2526 sui
1343 2484 1419 2540 quos
1432 2481 1492 2524 sua·
1570 2477 1571 2486 ¹

348 2569 419 2625 dere
433 2582 491 2624 non
502 2565 631 2636 potuerit
643 2567 790 2638 impellat;
805 2568 891 2638 qu'us
901 2569 973 2640 quot
983 2583 1056 2640 pene
1071 2571 1172 2638 verba,
1183 2572 1230 2628 tot
1242 2571 1401 2628 sententia
1413 2569 1494 2630 sunta

347 2664 421 2736 quot
441 2677 555 2730 sensus,
580 2664 627 2720 tot
645 2665 788 2720 victoriae.
811 2665 914 2720 Sciunt
933 2664 988 2721 hoc
1008 2667 1184 2734 Marcianos,
1208 2666 1335 2736 Apelles,
1363 2669 1492 2726 Praxeas,

348 2767 558 2832 Hermogenes,
579 2765 593 2818 J
598 2763 683 2830 udaei,
699 2763 839 2830 Gentiles,
861 2765 1001 2832 Gnostici,
1017 2765 1176 2835 caeterique
1192 2785 1198 2823 :
1214 2779 1341 2836 quorum
1356 2767 1409 2822 ille
1424 2765 1492 2822 hlas-

346 2862 479 2933 phemias
492 2863 594 2919 multis
607 2877 642 2918 ac
655 2861 770 2932 magnis
783 2861 968 2920 voluminum
982 2877 1106 2920 suorum
1120 2864 1257 2931 molibus,
1280 2864 1365 2921 velut
1377 2864 1492 2936 quibus·

346 2962 415 3019 dam
426 2961 608 3027 fulminibus,
622 2961 741 3017 evertit.
759 2985 772 3006 a
786 2959 824 3033 (a)

393 3141 433 3204 5.
455 3141 576 3200 Auctor
602 3143 785 3212 Anonymus
811 3141 1064 3228 Praedestinsti
1086 3146 1106 3200 l.
1127 3158 1152 3199 c.
1175 3145 1221 3199 26.
1245 3171 1258 3188 a
1281 3143 1408 3213 Scripsit
1430 3157 1492 3198 con-
1569 3187 1570 3222 ἒ

347 3251 397 3306 tra
417 3247 639 3322 [cataphrygas]
665 3247 774 3304 librum
794 3249 915 3304 sanctus
938 3249 1024 3305 Soter
1046 3264 1123 3320 papa
1145 3251 1243 3318 Urbis,
1270 3250 1302 3306 et
1326 3249 1493 3320 Apollonius

270 3343 278 3364 ⁸
348 3347 542 3418 Ephesiorum
567 3346 700 3404 antistes.
724 3346 836 3403 contra
864 3361 937 3416 quos
966 3348 1085 3418 scripsit
1113 3347 1314 3406 Tertullianus
1341 3345 1493 3418 presbyter
1569 3327 1570 3346 ¹

331 3443 607 3514 ‚carthaginiensis
630 3446 769 3510 Quicum
789 3445 889 3501 omnia
911 3445 983 3501 bene
1006 3447 1036 3502 et
1059 3447 1154 3516 prime
1173 3448 1204 3502 et
1222 3445 1493 3516 incomparabiliter

350 3541 513 3610 scripserit,
528 3541 557 3596 in
570 3539 626 3597 hoc
637 3541 733 3598 solum
747 3557 778 3598 se
797 3543 1056 3616 reprehensibilem
1078 3544 1149 3600 lecit
1161 3543 1239 3614 quod
1259 3545 1435 3602 Montanum
1449 3542 1492 3598 de·

349 3639 452 3705 tendit,
463 3653 553 3709 agens
569 3639 673 3696 contra
683 3640 815 3698 Soterem
830 3641 1033 3711 supradictum
1045 3643 1132 3698 Urbis
1145 3657 1264 3712 papam,
1276 3657 1414 3699 asserens
1423 3640 1493 3699 laisa

347 3751 412 3793 esse
428 3735 464 3791 de
477 3737 619 3806 sanguine
638 3736 768 3805 infantis,
783 3727 957 3814 Trinitatem
971 3739 1001 3794 in
1015 3737 1128 3796 unitate
1142 3739 1276 3805 Deitatis,
1291 3739 1492 3809 poenitentiam

348 3833 449 3904 lapsis,
464 3833 615 3902 mysteriis
628 3833 739 3890 eisdem
758 3849 850 3890 unum
864 3835 975 3904 pascha
989 3835 1150 3892 nobiscum.
1167 3837 1229 3891 Hoc
1242 3835 1338 3890 solum
1353 3835 1493 3903 discrepu-

347 3944 425 3996 mus,
436 3930 541 4000 inquit,
553 3930 630 4000 quod
641 3931 784 3986 secundas
797 3933 915 4001 nuptias
929 3947 985 3988 non
999 3933 1158 4003 recipimus
1171 3932 1201 3988 et
1214 3931 1403 4002 prophetiam
1418 3935 1493 3988 lilon-

347 4025 409 4082 tani
427 4025 463 4081 de
484 4025 584 4082 ilituro
598 4025 711 4096 judicio
729 4041 787 4081 non
807 4042 989 4086 recusamus.
1005 4029 1154 4098 Objiciunt
1173 4028 1292 4100 quidam
1313 4018 1493 4085 Tertulliano

347 4123 426 4196 quod
447 4124 576 4180 animaru
596 4137 633 4179 ex
652 4122 786 4192 traduce,
805 4124 834 4180 id
854 4124 900 4182 est
918 4127 1048 4182 enimam
1068 4126 1179 4182 dixerit
1191 4127 1234 4182 its
1248 4126 1328 4197 gigni
1342 4141 1381 4182 ex
1400 4127 1493 4182 anima
1568 4187 1569 4210 1

375 4431 403 4482 ir)
416 4427 443 4472 P.
456 4426 484 4473 L.
498 4429 515 4474 t.
527 4426 605 4474 xt11.
618 4439 641 4485 p.
655 4419 711 4474 lit*
965 4429 992 4482 la)
1005 4427 1034 4473 P.
1048 4426 1076 4474 L.
1090 4427 1107 4472 t.
1116 4426 1143 4474 L.
1158 4437 1181 4484 p.
1192 4427 1242 4474 otii.
