3154 5134
459 479 541 524 conc.
564 479 730 526 innocuam
753 480 799 526 nn.
823 468 893 527 969.
1192 473 1250 532 279

93 677 108 704 2
131 641 286 718 Filium
306 667 387 718 esse
403 643 514 733 dieat,
534 645 735 722 anathema
752 648 802 723 sit
819 650 868 744 (ι).
894 685 909 711 η
927 649 985 725 Ad
1005 649 1105 727 hune
1122 655 1247 730 autem

88 800 208 852 suum
241 776 600 856 anathematismum
630 783 960 882 comprobandum,
993 793 1247 886 provocarunt

86 915 134 991 ad
157 917 431 994 auctoritatam
453 919 594 1020 Synodi
615 921 858 999 Antiochenae
882 949 943 1000 an.
969 930 1054 1012 269,
1081 926 1144 1001 ubi
1168 925 1243 1028 epi-

86 1075 229 1152 scopos
248 1057 312 1140 80,
337 1051 375 1128 in
399 1052 606 1132 doctrinam
628 1055 845 1134 haereticam
870 1059 982 1135 Pauli
1009 1059 1243 1138 Samosatam

84 1187 319 1264 sententiam
355 1187 527 1277 ferentes
558 1214 686 1266 vocem
710 1202 849 1281 &medeor
873 1193 1058 1295 respuisse
1088 1200 1125 1272 et
1157 1175 1240 1296 pro-

85 1319 292 1421 scripsisse
309 1320 560 1400 affirmabant.
1180 1330 1184 1340 '

138 1470 179 1552 3·
199 1475 477 1576 Argumentum
494 1475 593 1552 istud
613 1477 887 1577 perpenderunt
905 1477 1018 1579 paulo
1036 1483 1132 1581 post,
1153 1505 1237 1558 con-

84 1617 147 1688 tra
187 1611 443 1692 Scmiarianes
473 1587 643 1711 agentes,
676 1612 943 1704 Armeniaca,
981 1613 1172 1692 Hmnmus
1202 1621 1238 1693 et
1315 1711 1318 1716 .

83 1751 271 1824 Bssrnms
297 1751 353 1844 (a).
383 1747 553 1834 Quorum
584 1771 691 1822 nemo
721 1746 838 1848 ipsius
867 1746 956 1823 faeti
982 1748 1178 1825 veritatem
1196 1751 1235 1826 in

82 1883 246 1959 dubium
264 1881 428 1971 vocavit,
454 1881 516 1958 sed
541 1882 650 1957 unice
667 1880 926 1959 allaborarent
944 1887 986 1960 ut
1012 1908 1235 1986 consequen-

81 2016 195 2102 tiam,
216 2039 329 2116 quam
347 2015 433 2090 inde
455 2014 687 2091 deducebant
704 2015 942 2104 Samiarium,
959 2017 1012 2092 eis
1031 1997 1230 2119 eriperent,

81 2150 313 2228 ostendendo
336 2149 477 2228 seilicet
500 2175 573 2252 quc
595 2175 705 2230 sensu
728 2175 857 2228 vocem
874 2163 1016 2242 ὁμοούσιος
1036 2153 1232 2253 repudiare

81 2285 278 2387 potuerint
297 2286 432 2361 Patres
449 2285 687 2374 Antiochcni,
707 2287 798 2388 quin
819 2286 903 2363 inde
921 2288 1126 2389 quidquam
1143 2314 1229 2365 een-

80 2425 143 2497 tra
163 2425 302 2498 rectam
321 2422 631 2522 significationem
651 2422 706 2498 illi
724 2447 748 2499 a
766 2423 935 2501 Concilio
949 2425 982 2500 N
987 2424 1103 2501 ieaeno
1121 2425 1227 2501 attri-

80 2559 212 2635 butam
231 2557 395 2658 legitime
412 2556 582 2633 cencludi
600 2553 736 2635 valeat.

134 2711 174 2793 4.
207 2711 308 2798 Alia,
347 2716 483 2813 praeter
518 2712 597 2788 haec
631 2711 706 2788 tria
738 2711 967 2800 testimonia,
1004 2712 1225 2790 documenta

80 2871 209 2924 coaeva
239 2850 305 2922 aut
334 2845 513 2947 supparia
537 2846 584 2922 ad
615 2845 859 2946 quaestionem
886 2851 1056 2922 nestram
1086 2846 1224 2927 directe

79 2981 305 3085 pertinentia
322 3005 395 3056 non
413 2980 605 3058 habemus.
626 3013 664 3060 o.
683 2981 807 3068 Quam
827 2981 925 3056 enim
951 2981 1084 3057 recitat
1101 2982 1221 3058 Euse-

80 3142 164 3193 errs
182 3121 219 3216 (a)
241 3121 387 3218 partem
404 3115 570 3218 epistolae
587 3115 775 3217 synodicae
793 3117 953 3192 Patrum
971 3115 1219 3212 Antiocheno-

81 3253 425 3340 rum,haectantum
434 3255 607 3327 versatur
620 3251 849 3327 circamores
859 3249 958 3326 Paul
970 3249 1216 3338 Samosateni,

79 3389 229 3464 omnine
258 3386 480 3463 transmissa
504 3411 549 3462 ea
573 3411 658 3487 quae
688 3386 822 3486 agebat
850 3385 895 3461 de
920 3385 1001 3484 ejus
1031 3383 1215 3462 doctrina.

109 3591 140 3654 (ι)
151 3591 286 3642 Ermaia.
297 3587 462 3651 floruere.
471 3589 502 3639 G.
512 3591 530 3640 t.
543 3587 629 3639 XLII.
666 3611 678 3631 n
691 3601 787 3638 omnes
802 3586 901 3638 deinde
917 3585 1071 3650 provinciae
1088 3586 1217 3636 transmi-

78 3693 103 3742 ι).
114 3681 180 3740 426).
664 3701 676 3720 n
689 3679 785 3729 serunt
801 3693 807 3727 :
824 3677 882 3727 tum
901 3677 931 3725 ut
951 3675 1071 3726 studium
1089 3689 1168 3724 suum
1185 3689 1217 3726 ac

109 3771 137 3833 (a)
179 3770 232 3821 Cit.
270 3769 344 3819 intra
380 3769 409 3819 in
450 3768 573 3833 Append.
614 3769 629 3819 1
664 3767 863 3831 ”diligentiam
885 3765 1012 3816 omnibus
1034 3763 1216 3826 declararent,

78 3866 146 3930 (pag.
156 3861 257 3930 81-82).
664 3887 676 3906 n
691 3865 749 3914 tum
772 3863 801 3912 ut
824 3874 979 3925 perversum
1005 3859 1084 3910 Pauli
1106 3861 1215 3924 dogma,

108 3955 140 4020 (e)
152 3955 187 4006 Η.
203 3953 237 4007 Ε.
251 3955 313 4006 v11.
326 3957 371 4018 303
385 3956 541 4022 hujusmodi
558 3971 627 4020 prae·
663 3979 675 3998 n
688 3953 890 4006 confutationes
900 3963 1008 4015 quoque
1020 3953 1046 4002 at
1058 3950 1217 4015 disputatio-

79 4047 160 4096 misao
179 4046 333 4111 prooemio:
348 4047 476 4098 «Omnes
493 4048 585 4111 itaque
601 4047 629 4098 in
664 4070 676 4090 n
691 4059 738 4097 nes
754 4044 885 4095 adversus
902 4042 981 4092 illum
998 4041 1115 4099 habitas,
1134 4053 1215 4090 cunc-

79 4151 186 4187 -unum
206 4137 368 4202 congregati
385 4137 531 4200 antistitae,
546 4151 629 4187 unam
664 4136 799 4196 -tamque
822 4131 941 4182 hominis
964 4130 1046 4179 vitam
1068 4142 1101 4179 ae
1127 4140 1217 4180 morea

82 4247 93 4264 n
106 4239 138 4275 en
157 4227 296 4276 communi
323 4227 458 4278 sententia
474 4227 508 4277 ad
526 4227 627 4290 Diony·
664 4247 675 4264 v·
688 4223 864 4287 exponerent.
877 4217 1216 4283 Porroipsametillorum

83 4313 176 4364 -sium
195 4315 326 4367 Romanae
341 4315 417 4366 urbis
433 4316 591 4380 episcopum
603 4315 631 4365 et
664 4313 772 4362 »verba
794 4310 829 4360 ad
855 4307 1015 4373 perpetuam
1043 4307 1217 4369 posterorum

83 4407 138 4456 «ad
159 4409 309 4460 Maximum
325 4409 540 4461 Alexandrinum
560 4408 627 4459 acri·
663 4429 675 4446 ν
689 4404 849 4456 memoriam
868 4415 922 4452 non
941 4399 1146 4450 incommodum
1163 4401 1217 4450 lue-

82 4499 217 4559 ·pseruut
251 4498 409 4563 epistolem,
448 4513 562 4562 eamque
595 4499 629 4549 ad
664 4489 1217 4553 nrrtnicrererren(caenapum).
