<?xml version="1.0" encoding="UTF-8"?>
<!DOCTYPE html PUBLIC "-//W3C//DTD XHTML 1.0 Transitional//EN"
    "http://www.w3.org/TR/xhtml1/DTD/xhtml1-transitional.dtd">
<html xmlns="http://www.w3.org/1999/xhtml" xml:lang="en" lang="en">
 <head>
  <title>
</title>
<meta http-equiv="Content-Type" content="text/html;charset=utf-8" />
  <meta name='ocr-system' content='tesseract 3.04.00' />
  <meta name='ocr-capabilities' content='ocr_page ocr_carea ocr_par ocr_line ocrx_word'/>
</head>
<body>
  <div class='ocr_page' id='page_1' title='image "./dissertationess00smedgoog_0184.png"; bbox 0 0 3170 5134; ppageno 0'>
   <div class='ocr_carea' id='block_1_1' title="bbox 506 421 1213 485">
    <p class='ocr_par' dir='ltr' id='par_1_1' title="bbox 506 421 1213 485">
     <span class='ocr_line' id='line_1_1' title="bbox 506 421 1213 485; baseline -0.006 -1"><span class='ocrx_word' id='word_1_1' title='bbox 506 439 567 485; x_wconf 79' lang='lat' dir='ltr'><strong>cnr.</strong></span> <span class='ocrx_word' id='word_1_2' title='bbox 592 438 620 483; x_wconf 90' lang='lat' dir='ltr'><strong>v.</strong></span> <span class='ocrx_word' id='word_1_3' title='bbox 643 436 677 482; x_wconf 80' lang='lat' dir='ltr'><strong>nu</strong></span> <span class='ocrx_word' id='word_1_4' title='bbox 698 436 789 482; x_wconf 74' lang='lat' dir='ltr'><strong>cirus.</strong></span> <span class='ocrx_word' id='word_1_5' title='bbox 1156 421 1213 482; x_wconf 77' lang='grc'><strong>169</strong></span> 
     </span>
    </p>
   </div>
   <div class='ocr_carea' id='block_1_2' title="bbox 72 604 1213 842">
    <p class='ocr_par' dir='ltr' id='par_1_2' title="bbox 72 604 1213 842">
     <span class='ocr_line' id='line_1_2' title="bbox 73 604 1213 707; baseline 0 -27"><span class='ocrx_word' id='word_1_6' title='bbox 73 629 264 681; x_wconf 79' lang='lat' dir='ltr'><strong>nouuuus</strong></span> <span class='ocrx_word' id='word_1_7' title='bbox 285 609 337 704; x_wconf 76' lang='grc' dir='ltr'>(ι),</span> <span class='ocrx_word' id='word_1_8' title='bbox 361 606 422 682; x_wconf 84' lang='lat' dir='ltr'><strong>sed</strong></span> <span class='ocrx_word' id='word_1_9' title='bbox 446 629 563 707; x_wconf 91' lang='lat' dir='ltr'><strong>neque</strong></span> <span class='ocrx_word' id='word_1_10' title='bbox 584 604 715 706; x_wconf 89' lang='lat' dir='ltr'><strong>(quoad</strong></span> <span class='ocrx_word' id='word_1_11' title='bbox 730 627 902 700; x_wconf 82' lang='lat' dir='ltr'><strong>porcum</strong></span> <span class='ocrx_word' id='word_1_12' title='bbox 923 605 1213 702; x_wconf 76' lang='lat' dir='ltr'><strong>Labyriottom)</strong></span> 
     </span>
     <span class='ocr_line' id='line_1_3' title="bbox 72 741 442 842; baseline 0.011 -25"><span class='ocrx_word' id='word_1_13' title='bbox 72 741 367 821; x_wconf 81' lang='lat' dir='ltr'><strong>Tuuouoaurus</strong></span> <span class='ocrx_word' id='word_1_14' title='bbox 392 747 442 842; x_wconf 95' lang='grc'><strong>().</strong></span> 
     </span>
    </p>
   </div>
   <div class='ocr_carea' id='block_1_3' title="bbox 70 905 1280 2617">
    <p class='ocr_par' dir='ltr' id='par_1_3' title="bbox 70 905 1280 2617">
     <span class='ocr_line' id='line_1_4' title="bbox 120 905 1215 1003; baseline -0.005 -17"><span class='ocrx_word' id='word_1_15' title='bbox 120 905 159 986; x_wconf 78' lang='grc'><strong>3.</strong></span> <span class='ocrx_word' id='word_1_16' title='bbox 185 925 267 990; x_wconf 90' lang='lat'>111.</span> <span class='ocrx_word' id='word_1_17' title='bbox 296 914 436 986; x_wconf 82' lang='lat' dir='ltr'><em>Utrum</em></span> <span class='ocrx_word' id='word_1_18' title='bbox 464 910 580 986; x_wconf 82' lang='lat' dir='ltr'><strong>Cuius</strong></span> <span class='ocrx_word' id='word_1_19' title='bbox 603 907 725 1001; x_wconf 72' lang='lat' dir='ltr'><strong>fuerat</strong></span> <span class='ocrx_word' id='word_1_20' title='bbox 740 909 937 1003; x_wconf 74' lang='lat' dir='ltr'><em>presbyter</em></span> <span class='ocrx_word' id='word_1_21' title='bbox 959 909 1158 980; x_wconf 77' lang='lat' dir='ltr'><strong>Romanus</strong></span> <span class='ocrx_word' id='word_1_22' title='bbox 1180 919 1215 980; x_wconf 86' lang='lat' dir='ltr'><strong>et</strong></span> 
     </span>
     <span class='ocr_line' id='line_1_5' title="bbox 70 1039 1215 1143; baseline 0 -28"><span class='ocrx_word' id='word_1_23' title='bbox 70 1045 289 1140; x_wconf 68' lang='lat' dir='ltr'><strong>epiecopus.</strong></span> <span class='ocrx_word' id='word_1_24' title='bbox 318 1089 364 1100; x_wconf 87' lang='lat'><em>-</em></span> <span class='ocrx_word' id='word_1_25' title='bbox 389 1043 656 1143; x_wconf 75' lang='lat' dir='ltr'><strong>Presbyterum</strong></span> <span class='ocrx_word' id='word_1_26' title='bbox 680 1064 767 1116; x_wconf 88' lang='lat' dir='ltr'><strong>eum</strong></span> <span class='ocrx_word' id='word_1_27' title='bbox 792 1039 908 1117; x_wconf 86' lang='lat' dir='ltr'><strong>fuisse</strong></span> <span class='ocrx_word' id='word_1_28' title='bbox 934 1062 1051 1140; x_wconf 87' lang='lat' dir='ltr'><strong>neque</strong></span> <span class='ocrx_word' id='word_1_29' title='bbox 1079 1039 1215 1116; x_wconf 81' lang='lat' dir='ltr'><strong>diserte</strong></span> 
     </span>
     <span class='ocr_line' id='line_1_6' title="bbox 71 1173 1212 1275; baseline -0.001 -26"><span class='ocrx_word' id='word_1_30' title='bbox 71 1174 192 1250; x_wconf 85' lang='lat' dir='ltr'><strong>tradit</strong></span> <span class='ocrx_word' id='word_1_31' title='bbox 225 1175 414 1252; x_wconf 83' lang='lat' dir='ltr'><strong>Eusuuius</strong></span> <span class='ocrx_word' id='word_1_32' title='bbox 440 1178 498 1271; x_wconf 80' lang='lat' dir='ltr'><strong>(a),</strong></span> <span class='ocrx_word' id='word_1_33' title='bbox 530 1198 648 1275; x_wconf 90' lang='lat' dir='ltr'><strong>neque</strong></span> <span class='ocrx_word' id='word_1_34' title='bbox 677 1173 827 1249; x_wconf 91' lang='lat' dir='ltr'><strong>omnino</strong></span> <span class='ocrx_word' id='word_1_35' title='bbox 858 1173 1212 1272; x_wconf 76' lang='lat' dir='ltr'><strong>H1ua0nuuus(r);</strong></span> 
     </span>
     <span class='ocr_line' id='line_1_7' title="bbox 72 1307 1280 1412; baseline 0.001 -29"><span class='ocrx_word' id='word_1_36' title='bbox 72 1314 210 1386; x_wconf 82' lang='lat' dir='ltr'><strong>neuter.</strong></span> <span class='ocrx_word' id='word_1_37' title='bbox 230 1315 356 1388; x_wconf 85' lang='lat' dir='ltr'><strong>autem</strong></span> <span class='ocrx_word' id='word_1_38' title='bbox 377 1310 578 1412; x_wconf 92' lang='lat' dir='ltr'><strong>quidquam</strong></span> <span class='ocrx_word' id='word_1_39' title='bbox 600 1309 722 1385; x_wconf 86' lang='lat' dir='ltr'><strong>innuit</strong></span> <span class='ocrx_word' id='word_1_40' title='bbox 743 1309 788 1384; x_wconf 90' lang='lat' dir='ltr'><strong>de</strong></span> <span class='ocrx_word' id='word_1_41' title='bbox 809 1308 990 1408; x_wconf 82' lang='lat' dir='ltr'><strong>dignitate</strong></span> <span class='ocrx_word' id='word_1_42' title='bbox 1014 1307 1214 1411; x_wconf 87' lang='lat' dir='ltr'><strong>episcopali</strong></span> <span class='ocrx_word' id='word_1_43' title='bbox 1276 1401 1280 1406; x_wconf 18' lang='grc' dir='ltr'><strong><em>ι</em></strong></span> 
     </span>
     <span class='ocr_line' id='line_1_8' title="bbox 72 1443 1216 1545; baseline 0.002 -29"><span class='ocrx_word' id='word_1_44' title='bbox 72 1443 142 1542; x_wconf 89' lang='lat' dir='ltr'><strong>ipsi</strong></span> <span class='ocrx_word' id='word_1_45' title='bbox 162 1445 362 1522; x_wconf 84' lang='lat' dir='ltr'><strong>attributa.</strong></span> <span class='ocrx_word' id='word_1_46' title='bbox 384 1445 594 1545; x_wconf 89' lang='lat' dir='ltr'><strong>Utrumque</strong></span> <span class='ocrx_word' id='word_1_47' title='bbox 611 1443 727 1544; x_wconf 87' lang='lat' dir='ltr'><strong>igitur</strong></span> <span class='ocrx_word' id='word_1_48' title='bbox 743 1443 895 1520; x_wconf 90' lang='lat' dir='ltr'><strong>titulum</strong></span> <span class='ocrx_word' id='word_1_49' title='bbox 917 1443 973 1519; x_wconf 91' lang='lat' dir='ltr'><strong>illi</strong></span> <span class='ocrx_word' id='word_1_50' title='bbox 994 1443 1216 1520; x_wconf 90' lang='lat' dir='ltr'><strong>attributum</strong></span> 
     </span>
     <span class='ocr_line' id='line_1_9' title="bbox 73 1567 1217 1682; baseline 0.004 -30"><span class='ocrx_word' id='word_1_51' title='bbox 73 1577 190 1655; x_wconf 86' lang='lat' dir='ltr'><strong>fuisse</strong></span> <span class='ocrx_word' id='word_1_52' title='bbox 213 1580 359 1682; x_wconf 88' lang='lat' dir='ltr'><strong>primus</strong></span> <span class='ocrx_word' id='word_1_53' title='bbox 380 1583 561 1656; x_wconf 87' lang='lat' dir='ltr'><strong>memorat</strong></span> <span class='ocrx_word' id='word_1_54' title='bbox 581 1567 752 1656; x_wconf 82' lang='lat' dir='ltr'><strong>Pnorius</strong></span> <span class='ocrx_word' id='word_1_55' title='bbox 774 1581 825 1677; x_wconf 87' lang='lat'><strong>(5),</strong></span> <span class='ocrx_word' id='word_1_56' title='bbox 849 1583 889 1655; x_wconf 87' lang='lat' dir='ltr'><strong>at</strong></span> <span class='ocrx_word' id='word_1_57' title='bbox 909 1603 954 1654; x_wconf 86' lang='lat' dir='ltr'><strong>ex</strong></span> <span class='ocrx_word' id='word_1_58' title='bbox 976 1580 1119 1656; x_wconf 88' lang='lat' dir='ltr'><strong>ratione</strong></span> <span class='ocrx_word' id='word_1_59' title='bbox 1141 1604 1217 1681; x_wconf 90' lang='lat' dir='ltr'><strong>qua</strong></span> 
     </span>
     <span class='ocr_line' id='line_1_10' title="bbox 75 1711 1215 1816; baseline 0.005 -31"><span class='ocrx_word' id='word_1_60' title='bbox 75 1711 110 1786; x_wconf 95' lang='lat' dir='ltr'><strong>id</strong></span> <span class='ocrx_word' id='word_1_61' title='bbox 135 1712 257 1790; x_wconf 77' lang='lat' dir='ltr'><strong>refert</strong></span> <span class='ocrx_word' id='word_1_62' title='bbox 279 1714 369 1790; x_wconf 87' lang='lat' dir='ltr'><strong>sctis</strong></span> <span class='ocrx_word' id='word_1_63' title='bbox 392 1717 547 1816; x_wconf 87' lang='lat' dir='ltr'><strong>apparet</strong></span> <span class='ocrx_word' id='word_1_64' title='bbox 571 1738 645 1790; x_wconf 93' lang='lat' dir='ltr'><strong>non</strong></span> <span class='ocrx_word' id='word_1_65' title='bbox 670 1712 821 1789; x_wconf 80' lang='lat' dir='ltr'><strong>aliunde</strong></span> <span class='ocrx_word' id='word_1_66' title='bbox 844 1712 881 1789; x_wconf 90' lang='lat' dir='ltr'><strong>id</strong></span> <span class='ocrx_word' id='word_1_67' title='bbox 904 1713 1089 1814; x_wconf 86' lang='lat' dir='ltr'><strong>accepisse</strong></span> <span class='ocrx_word' id='word_1_68' title='bbox 1115 1714 1215 1791; x_wconf 93' lang='lat' dir='ltr'><strong>Pho·</strong></span> 
     </span>
     <span class='ocr_line' id='line_1_11' title="bbox 76 1847 1214 1950; baseline 0.004 -30"><span class='ocrx_word' id='word_1_69' title='bbox 76 1847 171 1922; x_wconf 91' lang='lat' dir='ltr'><strong>tium</strong></span> <span class='ocrx_word' id='word_1_70' title='bbox 198 1873 315 1950; x_wconf 89' lang='lat' dir='ltr'><strong>quam</strong></span> <span class='ocrx_word' id='word_1_71' title='bbox 339 1873 383 1925; x_wconf 85' lang='lat' dir='ltr'><strong>ex</strong></span> <span class='ocrx_word' id='word_1_72' title='bbox 406 1848 516 1926; x_wconf 89' lang='lat' dir='ltr'><strong>titulo</strong></span> <span class='ocrx_word' id='word_1_73' title='bbox 540 1848 599 1924; x_wconf 88' lang='lat' dir='ltr'><strong>vei</strong></span> <span class='ocrx_word' id='word_1_74' title='bbox 623 1872 668 1924; x_wconf 87' lang='lat' dir='ltr'><strong>ex</strong></span> <span class='ocrx_word' id='word_1_75' title='bbox 692 1848 788 1924; x_wconf 87' lang='lat' dir='ltr'><strong>notis</strong></span> <span class='ocrx_word' id='word_1_76' title='bbox 811 1872 895 1948; x_wconf 88' lang='lat' dir='ltr'><strong>quae</strong></span> <span class='ocrx_word' id='word_1_77' title='bbox 918 1873 941 1924; x_wconf 90' lang='lat' dir='ltr'><strong>a</strong></span> <span class='ocrx_word' id='word_1_78' title='bbox 963 1848 1127 1924; x_wconf 88' lang='lat' dir='ltr'><strong>librariis</strong></span> <span class='ocrx_word' id='word_1_79' title='bbox 1152 1849 1214 1924; x_wconf 87' lang='lat' dir='ltr'><strong>ud-</strong></span> 
     </span>
     <span class='ocr_line' id='line_1_12' title="bbox 74 1979 1214 2083; baseline 0.004 -30"><span class='ocrx_word' id='word_1_80' title='bbox 74 1979 175 2076; x_wconf 87' lang='lat' dir='ltr'><strong>jecta</strong></span> <span class='ocrx_word' id='word_1_81' title='bbox 207 1982 356 2060; x_wconf 86' lang='lat' dir='ltr'><strong>fuerant</strong></span> <span class='ocrx_word' id='word_1_82' title='bbox 380 1985 623 2078; x_wconf 70' lang='lat' dir='ltr'><strong>Lubymutto.</strong></span> <span class='ocrx_word' id='word_1_83' title='bbox 651 1982 803 2058; x_wconf 80' lang='lat' dir='ltr'><strong>Accedit</strong></span> <span class='ocrx_word' id='word_1_84' title='bbox 833 1982 929 2083; x_wconf 91' lang='lat' dir='ltr'><strong>quod</strong></span> <span class='ocrx_word' id='word_1_85' title='bbox 960 1983 1109 2059; x_wconf 89' lang='lat' dir='ltr'><strong>omnino</strong></span> <span class='ocrx_word' id='word_1_86' title='bbox 1140 1983 1214 2058; x_wconf 89' lang='lat' dir='ltr'><strong>sin·</strong></span> 
     </span>
     <span class='ocr_line' id='line_1_13' title="bbox 81 2111 1215 2217; baseline 0.006 -32"><span class='ocrx_word' id='word_1_87' title='bbox 81 2111 226 2208; x_wconf 88' lang='lat' dir='ltr'><strong>guiaris</strong></span> <span class='ocrx_word' id='word_1_88' title='bbox 253 2119 308 2193; x_wconf 89' lang='lat' dir='ltr'><strong>est</strong></span> <span class='ocrx_word' id='word_1_89' title='bbox 333 2115 393 2192; x_wconf 89' lang='lat' dir='ltr'><strong>hie</strong></span> <span class='ocrx_word' id='word_1_90' title='bbox 418 2115 550 2192; x_wconf 87' lang='lat' dir='ltr'><strong>titulus</strong></span> <span class='ocrx_word' id='word_1_91' title='bbox 575 2118 751 2215; x_wconf 77' lang='lat' dir='ltr'><strong>Episcopi</strong></span> <span class='ocrx_word' id='word_1_92' title='bbox 774 2118 962 2212; x_wconf 73' lang='lat' dir='ltr'><strong>gentium,</strong></span> <span class='ocrx_word' id='word_1_93' title='bbox 982 2141 1055 2217; x_wconf 92' lang='lat' dir='ltr'><strong>quo</strong></span> <span class='ocrx_word' id='word_1_94' title='bbox 1081 2115 1215 2194; x_wconf 86' lang='lat' dir='ltr'><strong>Caium</strong></span> 
     </span>
     <span class='ocr_line' id='line_1_14' title="bbox 82 2243 1215 2352; baseline 0.011 -36"><span class='ocrx_word' id='word_1_95' title='bbox 82 2243 305 2347; x_wconf 79' lang='lat' dir='ltr'><strong>insignItum</strong></span> <span class='ocrx_word' id='word_1_96' title='bbox 333 2251 460 2329; x_wconf 89' lang='lat' dir='ltr'><strong>tradit.</strong></span> <span class='ocrx_word' id='word_1_97' title='bbox 490 2252 587 2328; x_wconf 89' lang='lat' dir='ltr'><strong>Nam</strong></span> <span class='ocrx_word' id='word_1_98' title='bbox 617 2251 829 2352; x_wconf 86' lang='lat' dir='ltr'><strong>hujusmodi</strong></span> <span class='ocrx_word' id='word_1_99' title='bbox 859 2251 1072 2352; x_wconf 89' lang='lat' dir='ltr'><strong>episcopum</strong></span> <span class='ocrx_word' id='word_1_100' title='bbox 1101 2250 1215 2329; x_wconf 86' lang='lat' dir='ltr'><strong>fuisse</strong></span> 
     </span>
     <span class='ocr_line' id='line_1_15' title="bbox 83 2379 1215 2486; baseline 0.009 -35"><span class='ocrx_word' id='word_1_101' title='bbox 83 2379 158 2456; x_wconf 86' lang='lat' dir='ltr'><strong>sine</strong></span> <span class='ocrx_word' id='word_1_102' title='bbox 190 2383 272 2461; x_wconf 92' lang='lat' dir='ltr'><strong>ulla</strong></span> <span class='ocrx_word' id='word_1_103' title='bbox 300 2409 425 2486; x_wconf 84' lang='lat' dir='ltr'><strong>grege,</strong></span> <span class='ocrx_word' id='word_1_104' title='bbox 453 2387 532 2463; x_wconf 88' lang='lat' dir='ltr'><strong>sine</strong></span> <span class='ocrx_word' id='word_1_105' title='bbox 560 2389 661 2462; x_wconf 84' lang='lat' dir='ltr'><strong>certa</strong></span> <span class='ocrx_word' id='word_1_106' title='bbox 690 2385 787 2472; x_wconf 82' lang='lat' dir='ltr'><strong>sede,</strong></span> <span class='ocrx_word' id='word_1_107' title='bbox 815 2388 870 2460; x_wconf 89' lang='lat' dir='ltr'><strong>est</strong></span> <span class='ocrx_word' id='word_1_108' title='bbox 894 2382 1035 2486; x_wconf 87' lang='lat' dir='ltr'><strong>aliquid</strong></span> <span class='ocrx_word' id='word_1_109' title='bbox 1065 2385 1215 2461; x_wconf 90' lang='lat' dir='ltr'><strong>omnino</strong></span> 
     </span>
     <span class='ocr_line' id='line_1_16' title="bbox 83 2512 1214 2617; baseline 0.007 -27"><span class='ocrx_word' id='word_1_110' title='bbox 83 2512 241 2596; x_wconf 77' lang='lat' dir='ltr'><strong>inauditi</strong></span> <span class='ocrx_word' id='word_1_111' title='bbox 263 2523 300 2617; x_wconf 85' lang='lat' dir='ltr'><strong>(a)</strong></span> <span class='ocrx_word' id='word_1_112' title='bbox 322 2545 401 2610; x_wconf 86' lang='lat' dir='ltr'><strong>seu,</strong></span> <span class='ocrx_word' id='word_1_113' title='bbox 426 2524 467 2598; x_wconf 88' lang='lat' dir='ltr'><strong>ut</strong></span> <span class='ocrx_word' id='word_1_114' title='bbox 492 2521 611 2610; x_wconf 88' lang='lat' dir='ltr'><strong>aiunt,</strong></span> <span class='ocrx_word' id='word_1_115' title='bbox 643 2529 728 2612; x_wconf 71' lang='grc' dir='ltr'><strong>ἅπαξ</strong></span> <span class='ocrx_word' id='word_1_116' title='bbox 745 2530 898 2612; x_wconf 46' lang='grc' dir='ltr'><strong><em>λεγόμενον</em></strong></span> <span class='ocrx_word' id='word_1_117' title='bbox 921 2521 970 2616; x_wconf 75' lang='grc'>(7).</span> <span class='ocrx_word' id='word_1_118' title='bbox 1003 2517 1214 2595; x_wconf 86' lang='lat' dir='ltr'><strong>Admodum</strong></span> 
     </span>
    </p>
   </div>
   <div class='ocr_carea' id='block_1_4' title="bbox 86 2739 1214 4435">
    <p class='ocr_par' dir='ltr' id='par_1_4' title="bbox 86 2739 1214 4435">
     <span class='ocr_line' id='line_1_17' title="bbox 87 2739 1213 2815; baseline 0.009 -25"><span class='ocrx_word' id='word_1_119' title='bbox 87 2739 141 2790; x_wconf 61' lang='lat' dir='ltr'><strong>niis</strong></span> <span class='ocrx_word' id='word_1_120' title='bbox 158 2757 254 2795; x_wconf 80' lang='lat' dir='ltr'><strong>eorum</strong></span> <span class='ocrx_word' id='word_1_121' title='bbox 271 2745 354 2798; x_wconf 83' lang='lat' dir='ltr'><strong>alluta</strong></span> <span class='ocrx_word' id='word_1_122' title='bbox 370 2749 497 2812; x_wconf 62' lang='lat' dir='ltr'><strong>testatum</strong></span> <span class='ocrx_word' id='word_1_123' title='bbox 518 2749 629 2800; x_wconf 75' lang='lat' dir='ltr'><strong>obscuri</strong></span> <span class='ocrx_word' id='word_1_124' title='bbox 662 2749 748 2814; x_wconf 82' lang='lat' dir='ltr'><strong>Iytum</strong></span> <span class='ocrx_word' id='word_1_125' title='bbox 768 2761 828 2800; x_wconf 84' lang='lat' dir='ltr'><strong>esse</strong></span> <span class='ocrx_word' id='word_1_126' title='bbox 848 2749 929 2814; x_wconf 86' lang='lat' dir='ltr'><strong>hujus</strong></span> <span class='ocrx_word' id='word_1_127' title='bbox 952 2749 1102 2815; x_wconf 74' lang='lat' dir='ltr'><strong>stagnanti</strong></span> <span class='ocrx_word' id='word_1_128' title='bbox 1121 2750 1213 2800; x_wconf 81' lang='lat' dir='ltr'><strong>aueto-</strong></span> 
     </span>
     <span class='ocr_line' id='line_1_18' title="bbox 87 2833 732 2903; baseline 0.017 -25"><span class='ocrx_word' id='word_1_129' title='bbox 87 2833 201 2884; x_wconf 78' lang='lat' dir='ltr'><strong>-tamen</strong></span> <span class='ocrx_word' id='word_1_130' title='bbox 221 2835 353 2899; x_wconf 84' lang='lat' dir='ltr'><strong>nobisque</strong></span> <span class='ocrx_word' id='word_1_131' title='bbox 371 2837 460 2902; x_wconf 81' lang='lat' dir='ltr'><strong>ignoti</strong></span> <span class='ocrx_word' id='word_1_132' title='bbox 476 2841 549 2898; x_wconf 82' lang='lat' dir='ltr'><strong>sunt,</strong></span> <span class='ocrx_word' id='word_1_133' title='bbox 570 2851 631 2903; x_wconf 89' lang='lat' dir='ltr'><strong>pro·</strong></span> <span class='ocrx_word' id='word_1_134' title='bbox 667 2852 732 2891; x_wconf 85' lang='lat' dir='ltr'><strong>rem.</strong></span> 
     </span>
     <span class='ocr_line' id='line_1_19' title="bbox 86 2921 849 2991; baseline 0.01 -23"><span class='ocrx_word' id='word_1_135' title='bbox 86 2939 97 2950; x_wconf 86' lang='lat'><em>·</em></span> <span class='ocrx_word' id='word_1_136' title='bbox 109 2921 202 2980; x_wconf 81' lang='lat' dir='ltr'><strong>pterea</strong></span> <span class='ocrx_word' id='word_1_137' title='bbox 211 2923 354 2985; x_wconf 84' lang='lat' dir='ltr'><strong>quodlibri</strong></span> <span class='ocrx_word' id='word_1_138' title='bbox 364 2925 415 2989; x_wconf 83' lang='lat' dir='ltr'><strong>ipsi</strong></span> <span class='ocrx_word' id='word_1_139' title='bbox 425 2927 567 2977; x_wconf 78' lang='lat' dir='ltr'><strong>suetorum</strong></span> <span class='ocrx_word' id='word_1_140' title='bbox 575 2940 630 2978; x_wconf 92' lang='lat' dir='ltr'><strong>non</strong></span> <span class='ocrx_word' id='word_1_141' title='bbox 695 2929 725 2991; x_wconf 77' lang='lat' dir='ltr'><strong>(a)</strong></span> <span class='ocrx_word' id='word_1_142' title='bbox 734 2926 808 2977; x_wconf 84' lang='lat' dir='ltr'><strong>Test.</strong></span> <span class='ocrx_word' id='word_1_143' title='bbox 819 2927 849 2977; x_wconf 72' lang='lat'><strong>2.</strong></span> 
     </span>
     <span class='ocr_line' id='line_1_20' title="bbox 88 3012 856 3082; baseline 0.008 -22"><span class='ocrx_word' id='word_1_144' title='bbox 88 3027 97 3038; x_wconf 77' lang='lat'>·</span> <span class='ocrx_word' id='word_1_145' title='bbox 109 3012 256 3070; x_wconf 74' lang='lat' dir='ltr'><strong>praeferunt</strong></span> <span class='ocrx_word' id='word_1_146' title='bbox 269 3015 386 3066; x_wconf 87' lang='lat' dir='ltr'><strong>nomina.</strong></span> <span class='ocrx_word' id='word_1_147' title='bbox 401 3017 530 3068; x_wconf 85' lang='lat' dir='ltr'><strong>-.P0rro</strong></span> <span class='ocrx_word' id='word_1_148' title='bbox 542 3017 571 3066; x_wconf 87' lang='lat' dir='ltr'><strong>iu</strong></span> <span class='ocrx_word' id='word_1_149' title='bbox 584 3031 630 3067; x_wconf 87' lang='lat' dir='ltr'><strong>eu·</strong></span> <span class='ocrx_word' id='word_1_150' title='bbox 697 3018 727 3082; x_wconf 77' lang='lat' dir='ltr'><strong>(r)</strong></span> <span class='ocrx_word' id='word_1_151' title='bbox 739 3016 811 3069; x_wconf 85' lang='lat' dir='ltr'><strong>Teet.</strong></span> <span class='ocrx_word' id='word_1_152' title='bbox 826 3017 856 3069; x_wconf 83' lang='grc'><strong>6.</strong></span> 
     </span>
     <span class='ocr_line' id='line_1_21' title="bbox 86 3098 854 3168; baseline 0.017 -23"><span class='ocrx_word' id='word_1_153' title='bbox 86 3098 214 3158; x_wconf 72' lang='lat' dir='ltr'><strong>-jusdam</strong></span> <span class='ocrx_word' id='word_1_154' title='bbox 225 3117 257 3153; x_wconf 85' lang='lat' dir='ltr'><strong>ex</strong></span> <span class='ocrx_word' id='word_1_155' title='bbox 269 3102 326 3154; x_wconf 77' lang='lat' dir='ltr'><strong>illu</strong></span> <span class='ocrx_word' id='word_1_156' title='bbox 336 3105 493 3156; x_wconf 81' lang='lat' dir='ltr'><strong>auctoribus</strong></span> <span class='ocrx_word' id='word_1_157' title='bbox 505 3106 575 3157; x_wconf 87' lang='lat' dir='ltr'><strong>libro</strong></span> <span class='ocrx_word' id='word_1_158' title='bbox 585 3108 629 3158; x_wconf 86' lang='lat' dir='ltr'><strong>ud·</strong></span> <span class='ocrx_word' id='word_1_159' title='bbox 695 3109 726 3168; x_wconf 74' lang='lat' dir='ltr'><strong>(a)</strong></span> <span class='ocrx_word' id='word_1_160' title='bbox 739 3107 813 3158; x_wconf 85' lang='lat' dir='ltr'><strong>Test.</strong></span> <span class='ocrx_word' id='word_1_161' title='bbox 825 3108 854 3159; x_wconf 84' lang='lat'><strong>8.</strong></span> 
     </span>
     <span class='ocr_line' id='line_1_22' title="bbox 87 3192 1213 3260; baseline 0.012 -24"><span class='ocrx_word' id='word_1_162' title='bbox 87 3199 202 3240; x_wconf 61' lang='lat' dir='ltr'><strong>ssversus</strong></span> <span class='ocrx_word' id='word_1_163' title='bbox 219 3192 375 3244; x_wconf 76' lang='lat' dir='ltr'><strong>Artemonis</strong></span> <span class='ocrx_word' id='word_1_164' title='bbox 394 3195 518 3246; x_wconf 81' lang='lat' dir='ltr'><strong>haeresim</strong></span> <span class='ocrx_word' id='word_1_165' title='bbox 539 3195 629 3246; x_wconf 86' lang='lat' dir='ltr'><strong>elabo-</strong></span> <span class='ocrx_word' id='word_1_166' title='bbox 696 3195 725 3258; x_wconf 83' lang='lat' dir='ltr'><strong>te)</strong></span> <span class='ocrx_word' id='word_1_167' title='bbox 742 3197 838 3258; x_wconf 84' lang='lat' dir='ltr'><strong>Neque</strong></span> <span class='ocrx_word' id='word_1_168' title='bbox 850 3197 923 3248; x_wconf 89' lang='lat' dir='ltr'><strong>enim</strong></span> <span class='ocrx_word' id='word_1_169' title='bbox 942 3198 1089 3260; x_wconf 82' lang='lat' dir='ltr'><strong>quidquam</strong></span> <span class='ocrx_word' id='word_1_170' title='bbox 1108 3199 1135 3248; x_wconf 91' lang='lat' dir='ltr'><strong>in</strong></span> <span class='ocrx_word' id='word_1_171' title='bbox 1152 3213 1213 3250; x_wconf 90' lang='lat' dir='ltr'><strong>con·</strong></span> 
     </span>
     <span class='ocr_line' id='line_1_23' title="bbox 87 3279 1213 3354; baseline 0.013 -29"><span class='ocrx_word' id='word_1_172' title='bbox 87 3279 207 3332; x_wconf 79' lang='lat' dir='ltr'><strong>-1·ato....</strong></span> <span class='ocrx_word' id='word_1_173' title='bbox 223 3303 235 3323; x_wconf 67' lang='grc' dir='ltr'>υ</span> <span class='ocrx_word' id='word_1_174' title='bbox 247 3281 294 3342; x_wconf 79' lang='lat' dir='ltr'><strong>(ut</strong></span> <span class='ocrx_word' id='word_1_175' title='bbox 305 3285 397 3334; x_wconf 77' lang='lat' dir='ltr'><strong>cetera</strong></span> <span class='ocrx_word' id='word_1_176' title='bbox 408 3283 527 3336; x_wconf 78' lang='lat' dir='ltr'><strong>iudicata</strong></span> <span class='ocrx_word' id='word_1_177' title='bbox 540 3299 624 3349; x_wconf 79' lang='lat' dir='ltr'><strong>supra</strong></span> <span class='ocrx_word' id='word_1_178' title='bbox 657 3287 772 3337; x_wconf 86' lang='lat' dir='ltr'><strong>trarIum</strong></span> <span class='ocrx_word' id='word_1_179' title='bbox 785 3287 914 3339; x_wconf 87' lang='lat' dir='ltr'><strong>evincunt</strong></span> <span class='ocrx_word' id='word_1_180' title='bbox 924 3288 1050 3352; x_wconf 79' lang='lat' dir='ltr'><strong>exempla</strong></span> <span class='ocrx_word' id='word_1_181' title='bbox 1061 3302 1120 3352; x_wconf 83' lang='lat' dir='ltr'><strong>quse</strong></span> <span class='ocrx_word' id='word_1_182' title='bbox 1133 3289 1213 3354; x_wconf 84' lang='lat' dir='ltr'><strong>vulgo</strong></span> 
     </span>
     <span class='ocr_line' id='line_1_24' title="bbox 87 3371 1214 3444; baseline 0.01 -23"><span class='ocrx_word' id='word_1_183' title='bbox 87 3379 143 3432; x_wconf 80' lang='lat' dir='ltr'><strong>pag.</strong></span> <span class='ocrx_word' id='word_1_184' title='bbox 156 3371 196 3422; x_wconf 85' lang='lat'><strong>95.</strong></span> <span class='ocrx_word' id='word_1_185' title='bbox 212 3373 268 3424; x_wconf 88' lang='lat' dir='ltr'><strong>not.</strong></span> <span class='ocrx_word' id='word_1_186' title='bbox 281 3373 314 3434; x_wconf 79' lang='grc'><strong>2).</strong></span> <span class='ocrx_word' id='word_1_187' title='bbox 665 3378 841 3441; x_wconf 83' lang='lat' dir='ltr'><strong>proferuntur</strong></span> <span class='ocrx_word' id='word_1_188' title='bbox 853 3379 1043 3443; x_wconf 82' lang='lat' dir='ltr'><strong>episcoporum</strong></span> <span class='ocrx_word' id='word_1_189' title='bbox 1058 3380 1104 3442; x_wconf 88' lang='lat' dir='ltr'><strong>qui</strong></span> <span class='ocrx_word' id='word_1_190' title='bbox 1117 3381 1214 3444; x_wconf 83' lang='lat' dir='ltr'><strong>primis</strong></span> 
     </span>
     <span class='ocr_line' id='line_1_25' title="bbox 114 3459 1212 3534; baseline 0.015 -28"><span class='ocrx_word' id='word_1_191' title='bbox 114 3459 273 3515; x_wconf 68' lang='lat' dir='ltr'><strong>tricosto.</strong></span> <span class='ocrx_word' id='word_1_192' title='bbox 664 3467 764 3519; x_wconf 80' lang='lat' dir='ltr'><strong>secutis</strong></span> <span class='ocrx_word' id='word_1_193' title='bbox 782 3468 812 3518; x_wconf 93' lang='lat' dir='ltr'><strong>in</strong></span> <span class='ocrx_word' id='word_1_194' title='bbox 829 3468 941 3530; x_wconf 81' lang='lat' dir='ltr'><strong>Gallius,</strong></span> <span class='ocrx_word' id='word_1_195' title='bbox 959 3469 1132 3534; x_wconf 84' lang='lat' dir='ltr'><strong>Hispaniam,</strong></span> <span class='ocrx_word' id='word_1_196' title='bbox 1150 3471 1212 3522; x_wconf 87' lang='lat' dir='ltr'><strong>Bri-</strong></span> 
     </span>
     <span class='ocr_line' id='line_1_26' title="bbox 116 3545 1212 3617; baseline 0.007 -12"><span class='ocrx_word' id='word_1_197' title='bbox 116 3545 144 3610; x_wconf 80' lang='lat' dir='ltr'><strong>tr)</strong></span> <span class='ocrx_word' id='word_1_198' title='bbox 159 3549 214 3600; x_wconf 80' lang='lat' dir='ltr'><strong>Cir.</strong></span> <span class='ocrx_word' id='word_1_199' title='bbox 232 3565 316 3614; x_wconf 86' lang='lat' dir='ltr'><strong>supra</strong></span> <span class='ocrx_word' id='word_1_200' title='bbox 333 3567 394 3617; x_wconf 79' lang='lat' dir='ltr'><strong>pag.</strong></span> <span class='ocrx_word' id='word_1_201' title='bbox 413 3555 453 3604; x_wconf 80' lang='lat'><strong>95.</strong></span> <span class='ocrx_word' id='word_1_202' title='bbox 475 3557 530 3605; x_wconf 87' lang='lat' dir='ltr'><strong>not.</strong></span> <span class='ocrx_word' id='word_1_203' title='bbox 552 3557 575 3606; x_wconf 76' lang='lat'><strong>2.</strong></span> <span class='ocrx_word' id='word_1_204' title='bbox 596 3585 626 3594; x_wconf 95' lang='lat'><em>-</em></span> <span class='ocrx_word' id='word_1_205' title='bbox 659 3558 793 3616; x_wconf 80' lang='lat' dir='ltr'><strong>tennIam,</strong></span> <span class='ocrx_word' id='word_1_206' title='bbox 809 3559 930 3609; x_wconf 83' lang='lat' dir='ltr'><strong>extremo</strong></span> <span class='ocrx_word' id='word_1_207' title='bbox 950 3558 1044 3609; x_wconf 84' lang='lat' dir='ltr'><strong>seculo</strong></span> <span class='ocrx_word' id='word_1_208' title='bbox 1055 3559 1092 3610; x_wconf 91' lang='lat' dir='ltr'><strong>VI</strong></span> <span class='ocrx_word' id='word_1_209' title='bbox 1110 3561 1139 3610; x_wconf 92' lang='lat' dir='ltr'><strong>in</strong></span> <span class='ocrx_word' id='word_1_210' title='bbox 1157 3562 1212 3613; x_wconf 76' lang='lat' dir='ltr'><strong>An·</strong></span> 
     </span>
     <span class='ocr_line' id='line_1_27' title="bbox 88 3631 1213 3714; baseline 0.02 -32"><span class='ocrx_word' id='word_1_211' title='bbox 88 3631 292 3690; x_wconf 84' lang='lat' dir='ltr'><strong>Recentioribus</strong></span> <span class='ocrx_word' id='word_1_212' title='bbox 313 3643 481 3705; x_wconf 85' lang='lat' dir='ltr'><strong>temporibus</strong></span> <span class='ocrx_word' id='word_1_213' title='bbox 503 3644 625 3696; x_wconf 83' lang='lat' dir='ltr'><strong>Murato·</strong></span> <span class='ocrx_word' id='word_1_214' title='bbox 660 3645 756 3711; x_wconf 84' lang='lat' dir='ltr'><strong>gliam,</strong></span> <span class='ocrx_word' id='word_1_215' title='bbox 775 3649 802 3697; x_wconf 88' lang='lat' dir='ltr'><strong>et</strong></span> <span class='ocrx_word' id='word_1_216' title='bbox 814 3647 907 3699; x_wconf 86' lang='lat' dir='ltr'><strong>seculo</strong></span> <span class='ocrx_word' id='word_1_217' title='bbox 919 3647 985 3698; x_wconf 85' lang='lat' dir='ltr'>VIII</span> <span class='ocrx_word' id='word_1_218' title='bbox 997 3662 1030 3698; x_wconf 85' lang='lat' dir='ltr'><strong>ae</strong></span> <span class='ocrx_word' id='word_1_219' title='bbox 1046 3648 1173 3714; x_wconf 80' lang='lat' dir='ltr'><strong>deinceps</strong></span> <span class='ocrx_word' id='word_1_220' title='bbox 1185 3651 1213 3706; x_wconf 87' lang='lat' dir='ltr'><strong>iu</strong></span> 
     </span>
     <span class='ocr_line' id='line_1_28' title="bbox 89 3724 1213 3804; baseline 0.019 -34"><span class='ocrx_word' id='word_1_221' title='bbox 89 3724 139 3776; x_wconf 79' lang='lat' dir='ltr'><strong>rius</strong></span> <span class='ocrx_word' id='word_1_222' title='bbox 154 3732 181 3782; x_wconf 82' lang='lat' dir='ltr'><strong>et</strong></span> <span class='ocrx_word' id='word_1_223' title='bbox 197 3730 245 3780; x_wconf 84' lang='lat' dir='ltr'><strong>alii</strong></span> <span class='ocrx_word' id='word_1_224' title='bbox 263 3733 325 3795; x_wconf 83' lang='lat' dir='ltr'><strong>post</strong></span> <span class='ocrx_word' id='word_1_225' title='bbox 341 3727 430 3796; x_wconf 85' lang='lat' dir='ltr'><strong>ipsum</strong></span> <span class='ocrx_word' id='word_1_226' title='bbox 447 3733 511 3785; x_wconf 83' lang='lat' dir='ltr'><strong>Caio</strong></span> <span class='ocrx_word' id='word_1_227' title='bbox 524 3736 628 3786; x_wconf 85' lang='lat' dir='ltr'><strong>tribue·</strong></span> <span class='ocrx_word' id='word_1_228' title='bbox 663 3737 838 3788; x_wconf 83' lang='lat' dir='ltr'><strong>Germaniam</strong></span> <span class='ocrx_word' id='word_1_229' title='bbox 850 3739 877 3788; x_wconf 88' lang='lat' dir='ltr'><strong>et</strong></span> <span class='ocrx_word' id='word_1_230' title='bbox 894 3739 1021 3803; x_wconf 76' lang='lat' dir='ltr'><strong>regiones</strong></span> <span class='ocrx_word' id='word_1_231' title='bbox 1038 3737 1213 3804; x_wconf 76' lang='lat' dir='ltr'><strong>septemtrio·</strong></span> 
     </span>
     <span class='ocr_line' id='line_1_29' title="bbox 89 3819 1212 3894; baseline 0.017 -31"><span class='ocrx_word' id='word_1_232' title='bbox 89 3819 143 3865; x_wconf 83' lang='lat' dir='ltr'><strong>runt</strong></span> <span class='ocrx_word' id='word_1_233' title='bbox 158 3821 343 3885; x_wconf 80' lang='lat' dir='ltr'><strong>fragmentum</strong></span> <span class='ocrx_word' id='word_1_234' title='bbox 358 3822 519 3886; x_wconf 82' lang='lat' dir='ltr'><strong>acephalum</strong></span> <span class='ocrx_word' id='word_1_235' title='bbox 531 3823 564 3874; x_wconf 87' lang='lat' dir='ltr'><strong>de</strong></span> <span class='ocrx_word' id='word_1_236' title='bbox 582 3839 626 3874; x_wconf 85' lang='lat' dir='ltr'><strong>ca·</strong></span> <span class='ocrx_word' id='word_1_237' title='bbox 663 3826 739 3876; x_wconf 77' lang='lat' dir='ltr'><strong>noles</strong></span> <span class='ocrx_word' id='word_1_238' title='bbox 762 3827 796 3875; x_wconf 86' lang='lat' dir='ltr'><strong>ad</strong></span> <span class='ocrx_word' id='word_1_239' title='bbox 819 3827 915 3891; x_wconf 81' lang='lat' dir='ltr'><strong>gentes</strong></span> <span class='ocrx_word' id='word_1_240' title='bbox 934 3825 1045 3876; x_wconf 85' lang='lat' dir='ltr'><strong>illarum</strong></span> <span class='ocrx_word' id='word_1_241' title='bbox 1069 3829 1212 3894; x_wconf 84' lang='lat' dir='ltr'><strong>regionum</strong></span> 
     </span>
     <span class='ocr_line' id='line_1_30' title="bbox 88 3910 1210 3988; baseline 0.012 -33"><span class='ocrx_word' id='word_1_242' title='bbox 88 3913 150 3957; x_wconf 76' lang='lat' dir='ltr'><strong>none</strong></span> <span class='ocrx_word' id='word_1_243' title='bbox 159 3923 304 3988; x_wconf 77' lang='lat' dir='ltr'><strong>sacrarum</strong></span> <span class='ocrx_word' id='word_1_244' title='bbox 312 3910 514 3975; x_wconf 81' lang='lat' dir='ltr'><strong>scripturarum</strong></span> <span class='ocrx_word' id='word_1_245' title='bbox 525 3913 628 3977; x_wconf 84' lang='lat' dir='ltr'><strong>(insert.</strong></span> <span class='ocrx_word' id='word_1_246' title='bbox 663 3915 861 3966; x_wconf 79' lang='lat' dir='ltr'><strong>convertendas</strong></span> <span class='ocrx_word' id='word_1_247' title='bbox 879 3929 896 3966; x_wconf 81' lang='lat' dir='ltr'><strong>a</strong></span> <span class='ocrx_word' id='word_1_248' title='bbox 913 3914 940 3966; x_wconf 84' lang='lat' dir='ltr'><strong>S.</strong></span> <span class='ocrx_word' id='word_1_249' title='bbox 960 3915 1029 3967; x_wconf 87' lang='lat' dir='ltr'><strong>Sede</strong></span> <span class='ocrx_word' id='word_1_250' title='bbox 1047 3916 1122 3966; x_wconf 80' lang='lat' dir='ltr'><strong>missi</strong></span> <span class='ocrx_word' id='word_1_251' title='bbox 1138 3921 1210 3970; x_wconf 83' lang='lat' dir='ltr'><strong>sunt.</strong></span> 
     </span>
     <span class='ocr_line' id='line_1_31' title="bbox 89 3995 1212 4077; baseline 0.011 -26"><span class='ocrx_word' id='word_1_252' title='bbox 89 3995 115 4047; x_wconf 86' lang='lat' dir='ltr'><strong>P.</strong></span> <span class='ocrx_word' id='word_1_253' title='bbox 128 3999 156 4053; x_wconf 81' lang='lat' dir='ltr'><strong>G.</strong></span> <span class='ocrx_word' id='word_1_254' title='bbox 170 4007 188 4055; x_wconf 85' lang='lat' dir='ltr'><strong>t.</strong></span> <span class='ocrx_word' id='word_1_255' title='bbox 203 4004 238 4055; x_wconf 83' lang='lat' dir='ltr'><strong>X.</strong></span> <span class='ocrx_word' id='word_1_256' title='bbox 252 4019 277 4068; x_wconf 92' lang='lat' dir='ltr'><strong>p.</strong></span> <span class='ocrx_word' id='word_1_257' title='bbox 296 4006 336 4068; x_wconf 84' lang='grc'><strong>33)</strong></span> <span class='ocrx_word' id='word_1_258' title='bbox 350 4007 384 4056; x_wconf 78' lang='lat' dir='ltr'><strong>uh</strong></span> <span class='ocrx_word' id='word_1_259' title='bbox 399 4008 495 4058; x_wconf 85' lang='lat' dir='ltr'><strong>eodem</strong></span> <span class='ocrx_word' id='word_1_260' title='bbox 507 4007 627 4060; x_wconf 80' lang='lat' dir='ltr'><strong>Murato·</strong></span> <span class='ocrx_word' id='word_1_261' title='bbox 663 4009 698 4060; x_wconf 88' lang='lat' dir='ltr'><strong>Hi</strong></span> <span class='ocrx_word' id='word_1_262' title='bbox 711 4021 809 4073; x_wconf 88' lang='lat' dir='ltr'><strong>nempe</strong></span> <span class='ocrx_word' id='word_1_263' title='bbox 821 4011 856 4060; x_wconf 79' lang='lat' dir='ltr'><strong>sd</strong></span> <span class='ocrx_word' id='word_1_264' title='bbox 870 4015 971 4060; x_wconf 69' lang='lat' dir='ltr'><strong>cenum</strong></span> <span class='ocrx_word' id='word_1_265' title='bbox 988 4023 1103 4076; x_wconf 72' lang='lat' dir='ltr'><strong>gregem</strong></span> <span class='ocrx_word' id='word_1_266' title='bbox 1116 4025 1212 4077; x_wconf 85' lang='lat' dir='ltr'><strong>regen·</strong></span> 
     </span>
     <span class='ocr_line' id='line_1_32' title="bbox 90 4086 1212 4163; baseline 0.017 -31"><span class='ocrx_word' id='word_1_267' title='bbox 90 4086 124 4136; x_wconf 84' lang='lat' dir='ltr'><strong>ric</strong></span> <span class='ocrx_word' id='word_1_268' title='bbox 140 4093 288 4145; x_wconf 80' lang='lat' dir='ltr'><strong>Mediolani</strong></span> <span class='ocrx_word' id='word_1_269' title='bbox 310 4097 454 4158; x_wconf 85' lang='lat' dir='ltr'><strong>repertum,</strong></span> <span class='ocrx_word' id='word_1_270' title='bbox 475 4097 522 4160; x_wconf 85' lang='lat' dir='ltr'><strong>qui</strong></span> <span class='ocrx_word' id='word_1_271' title='bbox 542 4111 629 4148; x_wconf 87' lang='lat' dir='ltr'><strong>canon</strong></span> <span class='ocrx_word' id='word_1_272' title='bbox 663 4099 726 4149; x_wconf 87' lang='lat' dir='ltr'><strong>dam</strong></span> <span class='ocrx_word' id='word_1_273' title='bbox 743 4099 861 4150; x_wconf 84' lang='lat' dir='ltr'><strong>ordinati</strong></span> <span class='ocrx_word' id='word_1_274' title='bbox 879 4101 966 4161; x_wconf 82' lang='lat' dir='ltr'><strong>erant,</strong></span> <span class='ocrx_word' id='word_1_275' title='bbox 980 4099 1103 4162; x_wconf 84' lang='lat' dir='ltr'><strong>quamvis</strong></span> <span class='ocrx_word' id='word_1_276' title='bbox 1118 4101 1212 4163; x_wconf 82' lang='lat' dir='ltr'><strong>utique</strong></span> 
     </span>
     <span class='ocr_line' id='line_1_33' title="bbox 90 4175 1210 4252; baseline 0.008 -22"><span class='ocrx_word' id='word_1_277' title='bbox 90 4175 140 4230; x_wconf 66' lang='lat' dir='ltr'><strong>sine</strong></span> <span class='ocrx_word' id='word_1_278' title='bbox 151 4183 234 4234; x_wconf 85' lang='lat' dir='ltr'><strong>dubio</strong></span> <span class='ocrx_word' id='word_1_279' title='bbox 246 4184 426 4236; x_wconf 85' lang='lat' dir='ltr'><strong>concinnatus</strong></span> <span class='ocrx_word' id='word_1_280' title='bbox 438 4187 479 4235; x_wconf 87' lang='lat' dir='ltr'><strong>est</strong></span> <span class='ocrx_word' id='word_1_281' title='bbox 491 4188 559 4237; x_wconf 83' lang='lat' dir='ltr'><strong>extr.</strong></span> <span class='ocrx_word' id='word_1_282' title='bbox 573 4200 626 4238; x_wconf 83' lang='lat' dir='ltr'><strong>sec.</strong></span> <span class='ocrx_word' id='word_1_283' title='bbox 662 4188 782 4238; x_wconf 90' lang='lat' dir='ltr'><strong>nondum</strong></span> <span class='ocrx_word' id='word_1_284' title='bbox 802 4189 934 4239; x_wconf 84' lang='lat' dir='ltr'><strong>haberent</strong></span> <span class='ocrx_word' id='word_1_285' title='bbox 954 4187 1088 4238; x_wconf 83' lang='lat' dir='ltr'><strong>civitatem</strong></span> <span class='ocrx_word' id='word_1_286' title='bbox 1105 4189 1210 4252; x_wconf 84' lang='lat' dir='ltr'><strong>epieco-</strong></span> 
     </span>
     <span class='ocr_line' id='line_1_34' title="bbox 90 4263 1191 4342; baseline 0.013 -27"><span class='ocrx_word' id='word_1_287' title='bbox 90 4263 109 4315; x_wconf 91' lang='lat' dir='ltr'><strong>II</strong></span> <span class='ocrx_word' id='word_1_288' title='bbox 121 4274 163 4322; x_wconf 79' lang='lat' dir='ltr'><strong>aut</strong></span> <span class='ocrx_word' id='word_1_289' title='bbox 176 4271 213 4324; x_wconf 83' lang='lat' dir='ltr'><strong>In.</strong></span> <span class='ocrx_word' id='word_1_290' title='bbox 225 4273 277 4324; x_wconf 93' lang='lat' dir='ltr'>IlI.</span> <span class='ocrx_word' id='word_1_291' title='bbox 291 4273 343 4325; x_wconf 85' lang='lat' dir='ltr'><strong>Sed</strong></span> <span class='ocrx_word' id='word_1_292' title='bbox 356 4277 516 4339; x_wconf 76' lang='lat' dir='ltr'><strong>argumenta</strong></span> <span class='ocrx_word' id='word_1_293' title='bbox 528 4289 588 4340; x_wconf 83' lang='lat' dir='ltr'><strong>quaa</strong></span> <span class='ocrx_word' id='word_1_294' title='bbox 600 4278 628 4327; x_wconf 90' lang='lat' dir='ltr'><strong>in</strong></span> <span class='ocrx_word' id='word_1_295' title='bbox 662 4277 751 4342; x_wconf 84' lang='lat' dir='ltr'><strong>palem</strong></span> <span class='ocrx_word' id='word_1_296' title='bbox 763 4279 791 4328; x_wconf 88' lang='lat' dir='ltr'><strong>in</strong></span> <span class='ocrx_word' id='word_1_297' title='bbox 803 4292 857 4340; x_wconf 81' lang='lat' dir='ltr'><strong>que</strong></span> <span class='ocrx_word' id='word_1_298' title='bbox 868 4277 1027 4330; x_wconf 82' lang='lat' dir='ltr'><strong>residerent.</strong></span> <span class='ocrx_word' id='word_1_299' title='bbox 1188 4275 1191 4284; x_wconf 58' lang='lat'>¹</span> 
     </span>
     <span class='ocr_line' id='line_1_35' title="bbox 92 4355 1212 4435; baseline 0.013 -28"><span class='ocrx_word' id='word_1_300' title='bbox 92 4355 151 4413; x_wconf 83' lang='lat' dir='ltr'><strong>hauc</strong></span> <span class='ocrx_word' id='word_1_301' title='bbox 162 4378 220 4416; x_wconf 89' lang='lat' dir='ltr'><strong>rem</strong></span> <span class='ocrx_word' id='word_1_302' title='bbox 232 4365 352 4416; x_wconf 78' lang='lat' dir='ltr'><strong>afferunt</strong></span> <span class='ocrx_word' id='word_1_303' title='bbox 363 4365 405 4431; x_wconf 89' lang='lat' dir='ltr'><strong>(P.</strong></span> <span class='ocrx_word' id='word_1_304' title='bbox 418 4365 449 4417; x_wconf 89' lang='lat' dir='ltr'><strong>G.</strong></span> <span class='ocrx_word' id='word_1_305' title='bbox 462 4370 481 4418; x_wconf 91' lang='lat' dir='ltr'><strong>t.</strong></span> <span class='ocrx_word' id='word_1_306' title='bbox 495 4368 529 4418; x_wconf 90' lang='lat' dir='ltr'><strong>X.</strong></span> <span class='ocrx_word' id='word_1_307' title='bbox 544 4384 569 4433; x_wconf 87' lang='lat' dir='ltr'><strong>p.</strong></span> <span class='ocrx_word' id='word_1_308' title='bbox 583 4369 628 4418; x_wconf 81' lang='lat'><strong>20-</strong></span> <span class='ocrx_word' id='word_1_309' title='bbox 693 4369 722 4432; x_wconf 83' lang='lat' dir='ltr'><strong>(r)</strong></span> <span class='ocrx_word' id='word_1_310' title='bbox 760 4367 850 4428; x_wconf 83' lang='lat' dir='ltr'><strong>Quare</strong></span> <span class='ocrx_word' id='word_1_311' title='bbox 886 4370 1029 4435; x_wconf 85' lang='lat' dir='ltr'><strong>proposuit</strong></span> <span class='ocrx_word' id='word_1_312' title='bbox 1067 4369 1212 4422; x_wconf 80' lang='lat' dir='ltr'><strong>Fnemcius</strong></span> 
     </span>
    </p>
   </div>
   <div class='ocr_carea' id='block_1_5' title="bbox 91 4447 1211 4527">
    <p class='ocr_par' dir='ltr' id='par_1_5' title="bbox 91 4447 1211 4527">
     <span class='ocr_line' id='line_1_36' title="bbox 91 4447 1211 4527; baseline -0.001 -15"><span class='ocrx_word' id='word_1_313' title='bbox 91 4447 217 4519; x_wconf 56' lang='lat' dir='ltr'><strong>disque,</strong></span> <span class='ocrx_word' id='word_1_314' title='bbox 230 4456 286 4508; x_wconf 89' lang='lat' dir='ltr'><strong>imo</strong></span> <span class='ocrx_word' id='word_1_315' title='bbox 298 4457 630 4524; x_wconf 77' lang='lat' dir='ltr'><strong>potiusprobantHippo</strong></span> <span class='ocrx_word' id='word_1_316' title='bbox 665 4457 744 4520; x_wconf 73' lang='lat' dir='ltr'><strong>(otor.</strong></span> <span class='ocrx_word' id='word_1_317' title='bbox 767 4457 855 4512; x_wconf 84' lang='lat' dir='ltr'><strong>Graec.</strong></span> <span class='ocrx_word' id='word_1_318' title='bbox 879 4462 899 4510; x_wconf 89' lang='lat' dir='ltr'><strong>t.</strong></span> <span class='ocrx_word' id='word_1_319' title='bbox 920 4458 951 4509; x_wconf 90' lang='lat' dir='ltr'><strong>V.</strong></span> <span class='ocrx_word' id='word_1_320' title='bbox 973 4471 999 4523; x_wconf 87' lang='lat' dir='ltr'><strong>p.</strong></span> <span class='ocrx_word' id='word_1_321' title='bbox 1019 4457 1077 4522; x_wconf 76' lang='lat'><strong>267&gt;</strong></span> <span class='ocrx_word' id='word_1_322' title='bbox 1095 4460 1124 4510; x_wconf 90' lang='lat' dir='ltr'><strong>ut</strong></span> <span class='ocrx_word' id='word_1_323' title='bbox 1140 4461 1211 4527; x_wconf 84' lang='lat' dir='ltr'><strong>apud</strong></span> 
     </span>
    </p>
   </div>
   <div class='ocr_carea' id='block_1_6' title="bbox 0 0 1593 5134">
    <p class='ocr_par' dir='ltr' id='par_1_6' title="bbox 0 0 1593 5134">
     <span class='ocr_line' id='line_1_37' title="bbox 0 0 1593 5134; baseline 0 0"><span class='ocrx_word' id='word_1_324' title='bbox 0 0 1593 5134; x_wconf 95' lang='lat' dir='ltr'><strong> </strong></span> 
     </span>
    </p>
   </div>
  </div>
 </body>
</html>
