3180 5134
355 417 394 476 iii
839 431 959 478 arrasa.
983 421 1024 474 n.

392 603 418 656 8.
443 625 457 648 n
475 603 538 666 Quo
558 601 588 656 in
609 601 675 657 loeo
695 598 941 656 considerandum
963 598 1019 665 est,
1044 587 1137 653 irater
1149 597 1315 664 carissime,
1330 612 1382 669 pro
1399 595 1449 652 dde
1467 592 1492 648 et

355 699 497 768 religione
516 699 572 754 loci
592 697 796 762 sacerdotalis,
818 711 876 766 quo
895 697 1057 767 iungimur,
1077 710 1116 750 an
1133 695 1272 752 constare
1290 695 1430 752 sacerdoti
1449 693 1492 748 Dei

355 795 432 850 ratio
446 795 475 849 in
489 795 535 850 die
544 793 649 864 judicii
663 793 756 863 possit
769 793 913 848 asserenti
928 793 959 848 et
968 792 1104 862 probanti
1116 792 1146 847 et
1155 792 1186 847 in
1198 795 1354 863 acceptum
1367 789 1491 848 referenti

355 889 620 959 blasphemantium
643 889 832 960 baptismata,
863 903 930 944 cum
961 889 1101 944 Dominus
1127 890 1327 945 comminetur
1348 892 1379 946 et
1399 887 1490 943 dicat:

355 986 396 1041 nt
421 1000 511 1040 nune
533 987 747 1056 preceptum
770 985 834 1042 hoc
856 985 898 1041 ad
924 1001 987 1042 vos
1011 987 1075 1056 est,
1103 1001 1121 1041 o
1145 988 1365 1054 sacerdotes,
1388 986 1415 1042 si
1436 997 1492 1040 non

354 1080 557 1150 audieritis,
584 1083 670 1138 etsi
694 1098 761 1138 non
780 1083 988 1152 posueritis
1013 1084 1048 1138 in
1076 1085 1184 1140 corde
1206 1085 1332 1141 vestro
1355 1084 1392 1140 ut
1411 1081 1492 1138 detis

355 1177 524 1235 honorem
538 1181 667 1236 nomini
682 1195 767 1252 meo,
783 1181 872 1236 dicit
888 1181 1055 1237 Dominus
1071 1183 1309 1252 omnipotens,
1321 1181 1493 1236 immittam

354 1277 389 1332 in
416 1291 478 1333 ros
504 1277 804 1346 maledictionem,
831 1280 862 1335 et
886 1279 1094 1336 maledicam
1119 1280 1402 1337 benedictionem
1426 1290 1493 1332 ves·

355 1375 458 1430 tram.
480 1375 536 1430 Dat
555 1375 697 1430 honorem
718 1378 777 1431 Deo
797 1378 847 1446 qui
866 1377 1026 1432 Marcionis
1045 1376 1192 1447 baptismo
1212 1375 1424 1456 communicati
1446 1371 1494 1428 Dat

356 1471 497 1526 honorem
521 1473 580 1526 Deo
600 1473 649 1541 qui
673 1473 749 1542 apud
770 1487 820 1528 eos
842 1473 891 1542 qui
914 1475 943 1528 in
965 1477 1056 1529 Deum
1077 1474 1282 1544 blasphemant
1304 1471 1491 1552 remissionem

355 1569 544 1637 peccatorum
559 1568 766 1637 darijmicati
787 1570 843 1625 Dat
861 1554 1003 1626 honorem
1024 1573 1082 1624 Deo
1104 1571 1153 1639 qui
1174 1570 1246 1625 ioris
1266 1569 1302 1625 de
1323 1563 1493 1624 adulterari

355 1663 515 1718 fornicaria
529 1665 609 1718 nasci
627 1666 685 1719 Deo
703 1665 779 1720 tilios
795 1667 965 1721 asseveratl
986 1665 1042 1720 Dat
1057 1665 1199 1720 honorem
1220 1667 1280 1719 Deo
1296 1663 1346 1733 qui
1362 1661 1492 1717 unitatem

356 1761 386 1815 et
411 1759 567 1816 veritatem
590 1761 626 1814 de
645 1761 746 1816 ‹iivina
765 1761 829 1830 lege
848 1763 1015 1817 venientem
1037 1777 1096 1818 non
1123 1763 1228 1816 tenens
1256 1760 1383 1816 haereses
1401 1753 1493 1812 contra

355 1855 509 1910 ecclesiam
535 1855 682 1911 vindicati
708 1857 763 1912 Dat
785 1855 927 1913 honorem
947 1861 1006 1912 Deo
1029 1860 1078 1928 qui
1105 1857 1316 1913 haeretieorum
1339 1856 1446 1912 amicus
1468 1851 1494 1904 et

354 1954 492 2010 inimicus
510 1953 742 2010 christianorum
763 1955 932 2012 sacerdotes
953 1957 1003 2011 Dei
1023 1957 1182 2012 veritatem
1203 1955 1312 2011 Christi
1332 1955 1362 2010 et
1374 1950 1493 2010 ecclesia

356 2051 500 2108 unitatem
522 2053 638 2107 tuentes
655 2051 845 2108 abstinendos
868 2053 970 2122 putati
994 2052 1023 2106 Si
1047 2052 1089 2108 sic
1105 2051 1201 2106 honor
1220 2054 1279 2105 Deo
1299 2050 1397 2115 datur,
1416 2048 1439 2104 si
1457 2045 1493 2101 sie

356 2162 374 2202 a
394 2146 558 2203 cultoribus
579 2149 609 2204 et
631 2148 836 2204 sacerdotibus
855 2149 920 2217 ejus
946 2148 997 2203 Dei
1018 2149 1109 2203 timor
1131 2148 1162 2203 et
1183 2147 1339 2216 disciplina
1357 2145 1492 2204 servatur,

355 2243 530 2312 abjiciamus
555 2259 648 2310 arma,
673 2259 779 2299 manus
802 2245 955 2300 demusin
976 2245 1189 2314 captivitatem,
1213 2243 1368 2300 tradamus
1389 2240 1493 2297 diabolo

356 2341 572 2397 ordinationem
584 2341 741 2411 evangelii,
755 2341 975 2411 dispositionem
990 2341 1108 2406 Christi,
1124 2340 1312 2410 majestatem
1327 2340 1386 2405 Dei,
1398 2337 1493 2392 divina

355 2438 470 2492 militiae
484 2438 670 2493 sacramente
684 2438 849 2506 solvantur,
868 2439 1035 2494 castrorum
1052 2437 1218 2494 coelestium
1232 2438 1317 2506 signa
1331 2432 1492 2506 prodantur,

355 2537 530 2593 succumbat
549 2538 579 2592 et
599 2537 684 2593 cedat
704 2537 830 2593 ecclesia
850 2527 1007 2602 hereticis,
1032 2535 1084 2591 lux
1103 2535 1245 2602 tenebris,
1267 2535 1339 2591 tides
1363 2529 1492 2604 perfidie,

355 2647 422 2702 spes
452 2633 668 2703 desperationi,'
686 2637 764 2691 ratio
794 2636 901 2701 errori,
927 2633 1136 2689 immortalitas
1161 2633 1262 2697 morti,
1292 2631 1400 2688 caritas
1423 2627 1492 2688 odio.

355 2731 465 2786 veritas
479 2727 642 2798 mendacio,
658 2733 792 2789 christus
813 2733 997 2790 antichristo.
1013 2733 1121 2788 Merito
1140 2733 1170 2787 et
1186 2732 1229 2787 sie
1248 2731 1279 2786 in
1296 2729 1358 2786 dies
1374 2727 1494 2797 singulos

355 2829 515 2885 schismata
542 2829 571 2884 et
594 2829 723 2885 haereses
744 2833 882 2900 surgunt,
908 2831 1041 2886 crebrius
1064 2831 1153 2900 utque
1175 2829 1297 2886 uberius
1320 2825 1493 2884 excrescunt.

343 2921 385 2979 'et
398 2925 574 2993 serpentinis
588 2925 717 2981 crinibus
737 2927 917 2996 pullulantes
937 2928 1081 2984 adversus
1105 2927 1261 2983 ecclesiam
1278 2927 1330 2983 Del
1344 2923 1495 2995 majoribus

360 3022 472 3076 viribus
493 3035 674 3076 venenorum
693 3038 816 3079 suorum
837 3025 923 3080 virus
942 3026 1131 3094 expromunt,
1149 3025 1219 3080 dum
1237 3026 1295 3082 illis
1314 3023 1495 3080 advocatione

355 3119 550 3187 quorumdam
565 3121 596 3174 et
609 3119 775 3175 auctoritas
788 3121 951 3190 praestatur
963 3125 993 3175 et
1007 3121 1142 3188 firmitas,
1156 3120 1227 3176 dum
1243 3119 1387 3189 baptisma
1402 3127 1495 3172 eorum

355 3213 532 3280 defenditur,
557 3213 626 3268 dum
654 3215 736 3279 tides.
761 3217 831 3272 dum
854 3217 966 3274 veritas
989 3217 1135 3288 proditur,
1159 3217 1231 3274 dum
1253 3216 1282 3272 id
1302 3217 1380 3286 quod
1401 3215 1496 3272 contra

356 3308 511 3364 ecclesiam
527 3311 598 3366 loris
612 3313 727 3380 geritur
742 3313 821 3370 intus
834 3314 865 3369 in
878 3316 942 3384 ipsa
955 3315 1081 3371 ccclesia
1093 3315 1273 3372 vindicatur.

391 3467 418 3522 9.
440 3467 555 3531 auroli
574 3467 598 3522 si
619 3469 665 3524 est
682 3469 759 3538 apud
779 3485 843 3537 nos,
864 3471 959 3528 irater
975 3471 1176 3536 dilectissime,
1190 3471 1241 3527 Dei
1254 3471 1356 3538 timor,
1377 3471 1402 3526 si
1419 3469 1497 3524 tenor

353 3563 497 3632 praevalet
510 3561 588 3630 lldei,
603 3564 627 3619 si
647 3565 832 3622 custodimus
852 3566 961 3622 Christi
975 3565 1133 3636 praecepta,
1155 3567 1181 3622 si
1200 3567 1404 3638 incorruptam
1416 3563 1496 3630 auur

352 3658 526 3714 inviolatam
540 3660 736 3729 sponsaeejus
747 3663 935 3718 sanctitatem
948 3663 1077 3730 tuemur,
1090 3665 1114 3720 si
1129 3663 1243 3720 haerent
1255 3665 1390 3720 sensibus
1399 3662 1427 3717 et
1439 3669 1495 3714 cor-

352 3754 438 3812 dibus
461 3755 570 3811 nostris
593 3756 685 3811 verba
708 3760 823 3813 Domini
845 3759 980 3829 dicentia
1006 3761 1116 3816 Putas
1140 3776 1217 3816 cum
1242 3761 1383 3817 venerit
1402 3757 1496 3813 iilius

353 3853 524 3920 hominis,
547 3855 706 3910 inveniet
726 3856 832 3912 iidem
852 3857 885 3912 in
906 3859 1027 3914 terrai
1048 3859 1117 3928 quia
1135 3858 1235 3915 fideles
1253 3860 1305 3914 Dei
1323 3857 1494 3925 milites,qui

352 3953 411 4008 Deo
435 3951 491 4006 lide
517 3952 547 4006 ot
570 3952 712 4020 religione
735 3954 854 4009 sincera
876 3954 1049 4020 militamus,
1074 3957 1234 4012 commissa
1258 3956 1342 4012 nobis
1365 3954 1495 4011 divinitus

351 4049 451 4104 castra
468 4049 547 4104 lideli
565 4049 676 4104 virtuto
696 4063 859 4106 servemus.
882 4054 941 4107 Nec
971 4052 1153 4108 consuetudo
1176 4067 1242 4122 quae
1264 4053 1341 4122 apud
1364 4049 1494 4122 quosdam

352 4146 525 4216 obrepserat
538 4145 680 4216 impedire
694 4146 783 4203 debet
798 4150 956 4216 quominus
970 4151 1082 4205 veritas
1095 4149 1258 4220 praevaleat
1266 4149 1414 4206 etrincat.
1427 4147 1493 4202 Nam

352 4242 534 4299 consuetudo
554 4243 618 4298 sine
641 4239 769 4300 veritate
792 4245 926 4302 vetustas
949 4249 1061 4304 erroris
1083 4249 1139 4303 est.
1161 4247 1288 4317 Propter
1304 4245 1379 4316 quod
1398 4241 1494 4298 relicto

353 4353 455 4394 errore
478 4333 639 4408 sequamur
663 4341 830 4408 veritatem,
855 4335 982 4400 seientes
1006 4346 1075 4414 quia
1097 4346 1127 4401 et
1149 4345 1226 4414 apud
1247 4343 1368 4401 Esdram
1391 4340 1493 4396 veritus
