3170 5134
470 448 530 494 mr.
555 448 592 494 lv.
617 448 652 495 m
673 447 855 495 urrrolrros.
1177 443 1235 504 lit

141 621 199 704 33.
221 622 362 702 Seculo
385 622 479 699 VIII
501 623 668 714 tandem,
693 647 755 700 an.
780 622 923 701 scilicet
945 631 1030 716 769,
1053 639 1237 732 apparent

97 760 251 861 primum
270 759 417 837 arctius
435 759 481 836 ad
503 759 719 838 Romanam
738 759 934 838 ecclesiam
953 761 1133 863 adjuncti,
1154 768 1237 846 Hoc

97 917 185 972 anno
208 894 394 972 nimirum
418 893 632 996 Stephanus
657 895 712 973 IV
734 894 795 996 (ul.
821 896 891 996 ΙΙΙ)
916 897 956 976 S.
981 899 1028 976 P.
1056 935 1073 966 κ
1099 905 1236 982 consti-

100 1065 113 1094 π
131 1031 200 1107 tuit
217 1036 263 1108 ut
280 1030 386 1108 omni
405 1029 465 1106 die
484 1029 681 1108 Dominico
701 1055 724 1108 a
743 1035 885 1134 septem
902 1031 1085 1136 episcopis
1104 1036 1236 1116 Cardi-

101 1164 277 1242 »naribus
299 1165 617 1255 hebdomadariis
638 1165 703 1267 qui
725 1165 765 1242 in
786 1164 942 1242 ecclesia
964 1167 1003 1244 S.
1026 1167 1237 1249 salvatoris

100 1302 345 1388 »observant
366 1300 568 1379 missarum
589 1301 770 1379 solemnia
792 1327 904 1405 super
923 1301 1043 1382 altare
1063 1305 1109 1383 B.
1130 1308 1236 1386 Petri

100 1469 113 1496 2·
132 1435 409 1526 celebrarentur
421 1439 459 1512 et
472 1433 605 1513 Gloria
619 1434 658 1511 in
675 1435 831 1513 excelsis
850 1436 928 1514 Deo
946 1436 1134 1516 diceretur
1149 1477 1164 1507 n
1183 1445 1233 1540 (1).

143 1611 202 1695 33.
227 1615 287 1694 Ex
306 1615 377 1692 hoc
394 1619 561 1716 tempore
581 1615 695 1692 etiam
720 1613 766 1691 iis
789 1613 844 1691 uti
862 1621 1056 1716 ooeperunt
1073 1616 1237 1696 Romani

100 1749 293 1826 Pontifices
312 1749 358 1826 ad
374 1750 523 1850 negotia
540 1748 806 1826 ecclesiastica.
829 1748 891 1827 Sic
908 1773 969 1826 an.
987 1755 1059 1826 772
1076 1750 1239 1854 episcopi

99 1881 327 1972 Albanensis,
349 1881 609 1958 Praenestinus
631 1886 668 1959 et
687 1867 928 1959 Tusculanus
947 1881 1050 1958 missi
1079 1889 1167 1960 sunt
1191 1886 1239 1962 od

100 2017 328 2095 Desiderium
347 2042 472 2118 regem
499 2019 838 2119 Longobardorum
865 2021 902 2118 (a)
924 2025 961 2098 et
977 2019 1150 2122 deinceps
1174 2020 1240 2100 alii

100 2152 253 2254 episcopi
276 2152 526 2230 suburbicarii
544 2152 666 2230 officio
688 2153 899 2254 legatorum
929 2155 1085 2232 subinde
1115 2155 1234 2234 functi
1305 2247 1307 2251 ¹

101 2285 280 2387 leguntur.

147 2461 208 2544 34.
232 2467 412 2543 Attamen
441 2489 487 2540 ex
518 2463 578 2540 his
603 2463 769 2540 nondum
800 2463 892 2542 satis
918 2460 1041 2540 valide
1067 2462 1238 2540 concludi

17 2559 19 2648 i
102 2601 214 2697 potest
235 2623 298 2676 eos
321 2603 412 2674 tuno
439 2594 617 2700 temporis
642 2598 789 2675 habitos
815 2597 931 2674 fuisse
955 2600 1149 2698 tamquam
1172 2597 1237 2674 ad-

18 2839 19 2860 &
102 2730 251 2834 scriptos
274 2732 375 2809 clero
398 2731 584 2810 Romano
607 2731 723 2810 Ratio
749 2732 848 2809 enim
870 2755 999 2810 eorum
1026 2755 1110 2833 quae
1127 2731 1238 2809 modo

19 3027 20 3052 3
103 2997 247 3064 Pontllicls,
258 3003 444 3069 quadraginta
461 3003 572 3055 clrciter
586 3005 644 3070 epi·
678 3005 706 3057 S.
721 3005 752 3056 P.
768 3021 774 3056 :
789 3025 802 3047 κ
859 3003 925 3064 Quae
937 3017 999 3055 cum
1014 3005 1051 3056 lta
1064 3019 1093 3055 se
1103 3005 1237 3056 haberent

19 3089 20 3112 ³
104 3091 173 3156 scopi
187 3092 259 3154 Itali,
275 3093 357 3156 Galil,
373 3094 511 3155 BritannI,
528 3094 647 3160 Hispani
680 3118 693 3138 ο·
706 3093 767 3160 (alt)
784 3095 1024 3146 communicarunt
1039 3095 1092 3144 sibl
1112 3094 1238 3155 hiulcam,

19 3231 20 3238 ,
104 3185 127 3228 et
136 3183 241 3236 Arrirel
250 3185 404 3250 presbytori
412 3186 461 3236 ant
470 3185 580 3236 diaconi
591 3185 645 3250 epi·
681 3207 693 3228 κ
707 3189 733 3236 et
742 3185 874 3236 Anicetus
886 3184 915 3234 ln
928 3183 1046 3234 ecclesia
1057 3182 1239 3234 consecrandi

19 3337 20 3353 Χ
104 3273 646 3338 scoporumnornine‚ecdenlqueultlmo
681 3297 693 3317 n
708 3289 807 3326 munus
830 3274 985 3339 Polycarpo
1014 3273 1128 3324 honoris
1156 3285 1241 3324 eausa

20 3353 22 3416 ἒ
105 3357 309 3428 locoeplscopus
322 3363 493 3426 portuensis,
504 3363 650 3429 episcopus
684 3386 696 3406 π
710 3363 847 3415 concessil
863 3387 876 3408 n
894 3363 935 3426 (P.
954 3361 986 3412 G.
1008 3362 1027 3412 t.
1046 3359 1107 3412 XX.
1125 3375 1151 3426 p.
1171 3362 1239 3419 507».

106 3451 339 3510 Centumcellensle
364 3459 392 3509 et
416 3459 470 3508 duo
496 3458 648 3524 presbyteri
682 3457 728 3510 Sic
739 3458 823 3510 etlam
836 3455 868 3509 b.
884 3455 1086 3508 Innocentiusl
1105 3456 1135 3506 ln
1150 3455 1239 3520 Epist.

20 3595 21 3602 ,
107 3541 450 3611 commemorandam.
463 3547 645 3614 aliptae).
681 3551 715 3600 ad
744 3528 906 3601 Decentium
924 3549 1102 3614 Eugubinum
1125 3560 1171 3600 an.
1190 3549 1240 3598 416

20 3615 21 3672 l
136 3639 163 3692 lu
185 3635 241 3690 Lib.
264 3635 369 3700 Porrus.
394 3638 423 3689 in
447 3636 584 3702 Stephano
605 3636 650 3688 IV
680 3639 785 3704 scripte
804 3640 940 3691 memorat
957 3655 962 3690 :
982 3661 994 3682 u
1019 3638 1096 3703 Saepe
1117 3636 1242 3688 dilectio·

21 3781 22 3784 Ἴ
109 3719 145 3776 lP.
157 3723 185 3775 L.
194 3727 215 3776 t.
227 3725 375 3778 CXXVIII.
388 3741 414 3792 p.
431 3728 510 3792 1158).
522 3755 554 3764 -
565 3727 644 3788 Quod
680 3751 692 3772 n
706 3742 767 3780 nsm
793 3731 870 3781 tuam
893 3729 928 3780 ad
951 3728 1056 3780 Urbem
1079 3727 1187 3779 vonisse
1210 3741 1242 3780 ae

21 3805 22 3824 ¹
109 3813 192 3864 autem
210 3819 289 3868 antea
302 3818 386 3869 ellam
404 3817 564 3881 aliquando,
581 3819 647 3870 dum
681 3841 694 3862 n
708 3819 850 3870 nobiseum
868 3819 897 3869 ln
916 3817 1034 3870 ecclesia
1049 3808 1210 3868 convenisse
1229 3839 1243 3862 ι.

110 3899 196 3956 Romae
216 3909 404 3968 versabantur,
432 3921 495 3958 cum
517 3907 653 3960 Pontltlce
685 3908 727 3966 (P.
741 3908 772 3960 L.
786 3909 805 3960 t.
823 3907 884 3958 XX.
898 3921 925 3972 p.
939 3907 1005 3970 552).
1018 3904 1073 3956 Ubi
1086 3918 1136 3956 vox
1148 3917 1241 3954 conee-

111 3993 651 4066 officiasacrapereglssolortelegantur,
685 4002 747 4050 nire
770 4000 811 4059 (ut
833 3999 911 4050 notat
933 3997 1042 4057 Glonm,
1068 3993 1109 4045 De
1131 3991 1242 4056 Litore.

111 4081 135 4132 id
146 4097 196 4136 non
207 4087 341 4154 eratlpsls
353 4089 507 4154 proprium,
520 4087 567 4139 sed
579 4101 651 4140 com·
685 4086 765 4141 Rom.
778 4086 860 4140 Pont.
878 4090 898 4139 t.
913 4078 963 4138 Ill.
978 4101 1004 4152 p.
1022 4083 1059 4149 ιν)
1075 4083 1148 4134 idem
1164 4087 1245 4135 sonat

113 4191 184 4232 mnne
199 4185 324 4236 omnibus
336 4184 473 4250 episcopie
491 4185 538 4248 qul
554 4185 583 4235 ln
599 4184 653 4236 Ur·
687 4199 719 4236 ac
734 4186 926 4258 coricelcbrare.
939 4194 968 4235 c·
986 4181 1039 4233 Sed
1060 4181 1087 4230 et
1105 4179 1163 4230 brec
1180 4190 1244 4228 con-

114 4275 167 4328 tem
181 4281 331 4334 veniebant.
350 4281 395 4334 SIc
411 4292 447 4333 a.
465 4281 588 4333 Irenaeus
600 4287 656 4347 (ap.
689 4283 807 4335 suetudo
831 4283 941 4333 Armate
963 4278 1004 4329 est
1027 4275 1137 4327 decreto
1161 4273 1244 4324 Cone.

114 4361 201 4420 Ersss.
213 4367 249 4422 H.
259 4369 294 4422 ll.
308 4369 340 4421 V.
354 4371 396 4438 2⁴)
406 4383 562 4423 memorans
574 4371 643 4436 Poly
687 4373 857 4424 Arelatensis
868 4372 924 4434 (cit.
936 4369 1008 4420 inira
1020 4363 1054 4415 N.
1068 4363 1118 4426 34).

117 4467 218 4520 carpum
252 4461 368 4513 Romam
402 4461 510 4512 venisse
543 4461 659 4513 Aniceto
725 4463 755 4524 (el
769 4462 800 4513 P.
812 4461 843 4512 L.
857 4451 1150 4552 t.CXXI⁷lll.p.llli.
