3208 5150
349 1323 464 1396 robur
477 1319 736 1410 dijudicarent
753 1321 940 1395 historicae
953 1319 1121 1394 soientice
1134 1321 1274 1395 tirones
1291 1321 1496 1416 ntapisque

348 1475 608 1540 assuescerent
635 1463 736 1560 ipsos
764 1461 890 1559 sontis
918 1465 1123 1561 ditipenter
1138 1470 1398 1561 perlustrare,
1425 1475 1494 1544 tros

347 1611 465 1686 stunt
481 1613 660 1696 ootteotos,
672 1597 874 1705 ¹quanturn
896 1611 940 1686 in
960 1617 1028 1686 ttae
1050 1611 1230 1687 trentate
1246 1612 1488 1707 deripotuit,

346 1761 378 1831 A
376 1757 616 1853 ppendiouna
634 1761 710 1834 loeo
726 1761 768 1834 ob
785 1762 912 1835 ocutos
920 1781 1079 1855 ponere,
1099 1758 1338 1855 eupen'entia
1355 1764 1491 1836 doetus

337 1917 677 2002 peropportunum
711 1909 822 1984 duni.
864 1908 925 1984 Sia
958 1907 1166 1983 instructos
1199 1929 1278 1982 non
1302 1912 1489 2001 jucunda
1595 1897 1596 1970 Ῐ

219 2057 227 2072 ’
348 2052 483 2154 minan
505 2075 625 2147 quant
647 2054 758 2145 faoiii
778 2078 893 2151 opera
913 2059 965 2132 od
977 2053 1241 2150 particularia
1256 2053 1490 2150 principalis

349 2198 575 2295 quaestionis
612 2199 737 2295 capita
770 2200 1011 2277 discutienda
1035 2220 1309 2295 propressuros
1340 2203 1487 2290 confido

346 2367 415 2419 nea
444 2343 654 2440 imparatos
682 2351 765 2439 fore
795 2357 840 2422 nt
867 2345 903 2421 si
931 2345 1027 2440 qnid
1045 2349 1136 2439 jann
1164 2343 1351 2440 deinceps,
1383 2351 1487 2439 quod

346 2513 454 2566 noooe
483 2489 675 2586 opinionis
703 2493 866 2588 speeiern
880 2580 885 2592 ,
886 2515 976 2588 prce
1004 2515 1043 2567 se
1072 2497 1187 2585 ferat,
1206 2491 1322 2605 eirea
1351 2497 1486 2571 eadern
1596 2598 1597 2606 ,

337 2647 596 2734 proponatur,
636 2636 710 2732 ursi
744 2660 818 2733 per
859 2661 898 2714 se
939 2638 1039 2714 iliud
1079 2660 1210 2713 secure
1244 2643 1484 2734 perpendere
1596 2671 1597 2712 3

346 2788 510 2862 valeant.

391 2933 554 3007 Eosdem
577 2929 741 3025 deniqne
771 2953 914 3006 rursus
940 2938 1090 3025 reputas
1117 2929 1244 3016 aetina,
1272 2929 1308 3003 si
1330 2930 1486 3022 quidern

341 3084 495 3180 eopiosa
517 3080 741 3156 ozottonaeooe
761 3081 817 3155 eis
839 3079 1105 3176 opportunitas
1127 3082 1219 3153 data
1241 3077 1381 3172 suerit,
1401 3082 1487 3156 suis

341 3232 418 3329 ipsi
445 3229 566 3327 ocutis
595 3252 683 3324 qnoe
710 3252 736 3303 a
765 3229 869 3304 nobis
901 3229 1017 3304 oitata
1046 3226 1196 3322 passirn
1229 3225 1486 3321 antiquarunt

340 3377 571 3473 sorptorurn
604 3373 821 3450 testirnonia
853 3374 1094 3470 offenderint,
1130 3375 1171 3448 in
1205 3381 1344 3449 norun
1375 3374 1486 3452 tibris

340 3525 528 3620 inspicere
557 3548 606 3598 ne
623 3530 849 3618 prodentur.
876 3525 1085 3619 Propterea
1113 3529 1195 3616 fere
1229 3525 1280 3596 ad
1310 3523 1485 3600 Patroio

339 3674 426 3770 pias
442 3671 607 3750 tatinarn
627 3681 663 3746 et
682 3693 849 3765 proeoarn
876 3669 1045 3745 Parisiis
1061 3675 1168 3765 apud
1194 3671 1326 3766 Mipne
1343 3673 1481 3762 editas,

339 3831 467 3918 utpote
497 3842 584 3914 quae
607 3817 852 3912 frequentias
880 3821 931 3892 ad
959 3839 1124 3892 ntonnrn
1148 3840 1227 3892 esse
1252 3820 1412 3906 soleant,
1436 3822 1484 3896 in

337 3972 539 4066 otiapanda
557 3977 729 4042 oeterurn
751 3963 976 4039 auctoritate
1000 3966 1175 4038 teotorenn
1200 3963 1482 4046 rernittendunt

336 4114 549 4192 arbitratus
569 4134 670 4187 suin.
699 4112 793 4191 Quae
810 4133 896 4184 uero
919 4133 969 4182 eoo
985 4107 1093 4182 Aotis
1112 4107 1371 4184 Conoiiioruna
1388 4117 1480 4208 affie-

216 4327 221 4336 .
335 4271 457 4343 reuda
481 4274 606 4350 erant,
626 4286 671 4337 ea
687 4285 736 4335 en
761 4259 972 4336 Mansiona
988 4258 1164 4347 editione,
1185 4283 1272 4354 quoe
1298 4264 1482 4344 omniunt

336 4409 633 4509 ioauptetissirna
656 4416 723 4494 est,
743 4405 920 4500 deoerpsi.
944 4407 1121 4482 Ceterum
1141 4405 1280 4498 quibus
1303 4431 1382 4482 non
1404 4414 1478 4486 dre-
