3180 5134
635 435 769 484 carenum
790 437 839 484 nn.
863 439 905 483 rr.
1309 427 1346 486 dt

186 609 403 683 episcopatum
421 609 502 666 urbis
522 609 622 666 Romae
641 606 743 663 decem
760 605 844 662 anuis
857 605 1044 673 obtinuisset,
1059 607 1201 678 septimus
1219 609 1257 665 ab
1276 624 1343 684 apo

187 710 287 770 stolis
301 709 495 780 Telesphorus
507 709 537 766 in
550 707 614 778 eius
626 705 724 763 iocum
738 704 890 786 successit.
909 729 922 754 n
938 707 983 762 iV.
999 707 1026 762 5.
1041 703 1079 779 (ι)
1198 779 1204 795 .

233 817 263 873 8.
282 837 296 860 a
312 815 404 885 Huy‘us
417 812 564 884 [Antonini
577 810 632 884 Pii]
646 824 723 866 anno
735 809 842 880 primo,
855 823 923 866 cum
939 809 1134 881 Telesphorus
1154 813 1312 883 migrasset
1324 831 1340 873 e

190 915 263 972 vita
275 927 352 968 anno
369 913 414 969 sui
434 909 619 982 episcopatus
632 907 796 976 undecimo,
811 907 1018 978 pontificatum
1031 909 1171 966 itomauae
1184 910 1266 968 urbis
1279 927 1341 970 sor·

191 1013 272 1071 titus
285 1011 331 1069 est
344 1012 483 1083 Hyginus.
498 1037 512 1059 n
524 1013 569 1068 IV.
589 1010 630 1068 10.
643 1008 678 1080 (a)

233 1112 261 1165 9.
287 1132 301 1155 u
326 1109 439 1179 Hygino
461 1107 528 1180 post
547 1107 685 1178 quartum
705 1105 890 1178 episcopatus
912 1120 1022 1163 annum
1046 1105 1174 1176 mortuo,
1199 1109 1339 1171 Romane

192 1205 328 1264 ecciesioe
341 1204 537 1262 sacerdotium
549 1205 678 1276 suscepit
686 1204 766 1261 Pius.
783 1229 796 1250 n
812 1205 857 1262 iV.
876 1205 917 1261 11.
930 1202 965 1276 (e)

238 1311 278 1366 10.
297 1331 309 1354 a
326 1311 425 1365 Romae
436 1323 502 1364 cum
514 1307 583 1364 Pius
593 1322 669 1363 anuo
679 1305 864 1378 episcopatus
875 1307 920 1362 sui
930 1307 1031 1377 quinto
1042 1307 1156 1365 decimo
1165 1309 1259 1365 vitam
1270 1323 1337 1366 cum

193 1405 293 1462 morte
304 1403 523 1470 commutasset,
534 1404 672 1462 Anicetus
685 1404 816 1462 ecclesiae
829 1403 909 1460 iliius
921 1405 1044 1462 antistes
1060 1406 1155 1463 iactus
1169 1406 1224 1463 est.
1238 1431 1252 1454 n
1265 1407 1335 1464 ibid.
1420 1399 1434 1461 0'

237 1507 278 1562 11.
296 1529 309 1551 u
326 1504 438 1577 [Marco
451 1503 579 1576 Aurelio]
594 1502 774 1574 imperatore
782 1501 847 1572 y'am
866 1501 1005 1558 octavum
1025 1503 1208 1574 principatus
1226 1519 1336 1562 annum

192 1603 311 1672 agente,
332 1617 399 1660 cum
420 1601 557 1660 Anicetus
582 1601 714 1658 ecciesiae
731 1601 870 1658 Romanae
890 1601 1090 1672 episcopatum
1112 1601 1249 1659 undecim
1264 1603 1336 1660 totis

192 1703 280 1759 annis
293 1700 478 1766 obtinuisset,
493 1702 578 1756 Soter
590 1700 620 1754 in
633 1698 697 1768 eJus
710 1697 808 1754 iocum
821 1698 972 1755 succeseit.
990 1723 1003 1746 n
1019 1700 1065 1756 iV.
1082 1701 1121 1758 19.
1140 1699 1175 1772 (a)

235 1801 277 1856 12.
303 1823 316 1846 a
343 1799 445 1856 sotere
468 1799 607 1854 Romanae
632 1795 714 1852 urhis
736 1795 871 1865 episcopo
896 1795 963 1866 post
986 1795 1125 1854 octavum
1150 1799 1336 1870 episcopatus

191 1913 303 1955 annum
318 1898 380 1954 vita
394 1896 505 1963 iuncto,
520 1893 709 1952 duodecimus
722 1891 758 1950 ab
771 1893 911 1964 apostolis
925 1893 1100 1951 Eleutherus
1117 1896 1147 1952 in
1160 1895 1224 1966 eJus
1237 1895 1335 1955 iocum

192 1997 346 2054 successit.
371 1999 471 2053 Annus
489 1994 561 2050 tunc
582 1991 725 2063 agebatur
747 1991 889 2063 septimus
908 1990 1039 2049 decimus
1061 1993 1175 2064 imperii
1198 1994 1335 2053 Antonini

189 2097 270 2152 Veri.
287 2121 300 2144 n
313 2097 347 2152 V.
362 2107 485 2166 prooem.
497 2091 533 2163 (s)
926 2159 930 2166 ι

234 2195 274 2250 13.
301 2219 313 2240 a
339 2191 497 2249 commodo
510 2189 656 2247 decimum
674 2201 785 2244 aunum
803 2187 918 2258 imperii
938 2187 1053 2259 agente,
1068 2203 1136 2246 cum
1159 2189 1335 2249 Eleutherus

191 2291 336 2348 tredecim
349 2290 434 2347 annis
446 2287 645 2360 episcopatum
658 2284 902 2354 administrasset,
917 2285 1018 2342 Victor
1031 2287 1060 2342 in
1080 2286 1145 2358 ejus
1159 2288 1257 2345 locum
1270 2303 1335 2346 suc·

190 2387 291 2447 cessit.
309 2413 322 2436 n
334 2389 367 2444 V.
383 2389 427 2444 22.
443 2386 480 2462 (e)
545 2447 548 2454 ,

151 2549 154 2554 Δ
233 2489 275 2544 it.
298 2511 311 2534 u
336 2488 389 2553 Qui
413 2485 534 2555 [Victor]
556 2501 624 2542 cum
646 2485 747 2541 decem
769 2483 853 2541 annis
872 2483 1070 2542 sacerdotium
1086 2485 1332 2558 administrasset,

188 2591 373 2662 zephyrinus
391 2591 418 2646 ei
436 2603 590 2646 successor
602 2586 778 2644 substitutus
791 2585 846 2654 est,
865 2601 942 2643 enno
960 2586 1143 2658 principatus
1163 2588 1264 2644 Severi
1277 2591 1334 2646 cir·

189 2687 267 2746 citer
279 2703 366 2744 nono.
384 2713 397 2734 n
411 2689 444 2742 V.
460 2689 506 2745 26.
521 2684 560 2761 (r)

230 2786 273 2840 15.
290 2809 302 2830 u
315 2784 462 2854 [Antonini
473 2781 662 2856 Heliogabali]
675 2785 769 2853 primo
783 2769 899 2854 imperii
911 2796 989 2838 anno
998 2783 1179 2854 zephyrinus
1193 2787 1333 2843 Romane

189 2883 273 2940 urbis
285 2883 438 2954 episcopus
451 2881 523 2938 abiit
535 2896 552 2938 e
565 2882 636 2947 vito,
657 2895 724 2938 eum
738 2895 791 2951 per
808 2879 889 2937 totos
909 2893 1001 2936 annos
1015 2879 1177 2938 octodecim
1197 2882 1332 2939 sacerdo·

185 2983 264 3040 tium
273 2980 457 3038 obtinuisset.
470 2980 542 3037 Post
551 2994 638 3050 quem
649 2978 785 3036 callistus
795 2977 995 3049 episcopatum
1007 2977 1145 3047 suscepit.
1156 3003 1170 3026 a
1178 2980 1225 3034 Vi.
1237 2979 1282 3036 21.
1295 2977 1333 3055 (a)

229 3081 271 3138 16.
298 3104 310 3127 u
335 3080 389 3146 Qui
412 3093 479 3150 cum
502 3078 699 3149 quinquennio
721 3077 870 3148 superstes
890 3075 1024 3143 vixisset,
1045 3076 1163 3133 Urbano
1177 3078 1331 3136 ecclesiam

188 3178 349 3251 regendam
363 3177 529 3248 dereliquit.
545 3202 560 3225 n
575 3175 645 3234 ibid.
957 3255 959 3258 Ι

230 3282 270 3336 17.
292 3303 305 3326 u
321 3278 471 3344 Urbanum
491 3277 623 3335 ecclesiae
641 3280 781 3335 Romanae
799 3276 972 3348 pontificatu
990 3277 1124 3335 octennio
1144 3278 1330 3348 pertractum

186 3380 305 3450 excepit
318 3378 517 3442 Pontianum
531 3379 578 3434 Vi.
590 3377 635 3435 23.
648 3377 683 3448 (e)

229 3479 271 3535 18.
288 3503 301 3524 u
317 3481 388 3536 cum
403 3476 566 3534 Gordianus
579 3475 607 3532 in
622 3476 774 3533 Maximini
788 3475 887 3532 locum
904 3474 1107 3544 successisset,
1122 3475 1240 3532 mortuo
1255 3479 1329 3535 Pon-

185 3578 280 3644 tiano,
295 3579 344 3648 qui
358 3593 410 3634 sex
424 3577 507 3632 annis
526 3577 726 3646 episcopatum
739 3576 886 3641 tenuerat,
905 3576 1037 3633 ecclesie
1051 3577 1329 3660 itomanaehadmiui-

185 3675 363 3733 strationem
376 3674 504 3746 suscepit
516 3674 650 3732 Anteros.
668 3701 681 3722 n
696 3678 742 3732 Vi.
757 3677 802 3732 29.
818 3673 868 3750 (lo)

227 3775 268 3830 19.
286 3797 298 3820 u
315 3775 369 3830 Hic
382 3774 460 3830 intra
478 3773 566 3828 unius
579 3774 687 3830 mensis
700 3773 827 3844 spatium
846 3775 1011 3832 sacerdotio
1028 3776 1210 3846 peribnctus,
1230 3779 1329 3836 Fabia·

184 3889 258 3932 num
271 3889 472 3932 successorem
489 3871 618 3943 reliquit.
636 3896 650 3921 n
665 3873 735 3932 ibid.

211 4121 240 4176 (ι)
251 4118 315 4165 ibid.
329 4131 352 4176 p.
365 4123 415 4165 310.
799 4121 826 4176 (e)
837 4119 901 4167 ibid.
913 4132 939 4179 p.
950 4123 1001 4168 Aeo.

212 4203 241 4258 (at
251 4199 316 4247 ibid.
328 4211 352 4258 p.
365 4204 415 4247 327.
799 4200 826 4256 (r)
837 4199 902 4247 ibid.
915 4213 939 4258 p.
951 4203 1001 4248 511.

212 4284 240 4338 (e)
252 4281 315 4329 ibid.
328 4294 353 4340 p.
366 4285 417 4329 ³³0.
798 4282 826 4336 (et
837 4281 900 4327 ibid.
914 4293 937 4340 p.
950 4283 1001 4328 574.

212 4367 240 4420 (si
251 4362 315 4410 ibid.
327 4375 352 4421 p.
365 4367 415 4411 ³78.
797 4362 825 4418 (a)
837 4361 900 4409 ibid.
914 4374 939 4420 p.
951 4365 1002 4408 575.

212 4449 239 4502 (s)
251 4444 315 4512 ibid.
329 4457 353 4502 p.
365 4447 415 4490 Atti.
796 4443 836 4499 (rot
847 4442 911 4490 ibid.
923 4455 949 4501 p.
960 4446 1012 4489 587.
