3180 5134
392 447 427 494 DE
448 447 587 495 cohlhov.
611 447 693 496 tinch
713 447 868 495 caucasis.
892 449 990 494 vasca.
1253 441 1272 494 i)

98 616 221 672 vassei.
245 617 351 682 Neque
375 613 447 670 itam
463 613 650 684 Polycarpna
673 615 793 672 hnicetn
819 613 998 684 persuadere
1020 615 1144 673 conatus
1166 615 1212 672 est
1234 617 1272 674 ut

97 713 305 776 observaret,
320 725 387 766 cum
405 711 544 768 Anicetus
563 725 667 766 eorum
686 712 735 781 qui
752 711 822 768 ante
836 725 868 766 se
887 711 1005 766 inerant
1020 712 1271 780 Presbyterorum

98 801 229 866 morem
243 809 302 864 sibi
320 807 504 865 retinendum
522 821 587 866 csse
605 807 725 864 diceret.
748 809 901 873 Quacum
914 808 956 863 ita
976 823 1008 864 se
1021 809 1177 871 haberent,
1191 823 1272 866 com·

98 884 311 962 municarunt
329 904 382 960 sibi
395 904 522 960 invicem
538 924 545 960 ε
559 904 590 960 et
602 905 741 961 Anicetus
760 905 790 960 in
810 904 936 961 ecclesia
955 905 1147 961 consecrandi
1162 919 1271 964 munus

100 1002 284 1071 Polycarpo
299 1000 419 1056 honoria
432 1015 523 1056 causa
535 1001 697 1067 concessit;
712 1000 890 1072 tandemque
904 1016 972 1058 cum
986 1016 1087 1072 paces
1100 1003 1271 1058 seinvicem

98 1095 319 1154 discesserunt
333 1118 340 1152 :
354 1097 417 1152 tam
435 1097 472 1154 iis
490 1099 540 1167 qui
559 1097 765 1164 observabant,
780 1113 870 1168 quam
889 1098 948 1154 illis
967 1101 1017 1169 qui
1037 1099 1157 1154 minime
1172 1099 1272 1154 obser·

99 1195 237 1254 vahant.
251 1208 358 1264 pacem
372 1195 667 1264 communionemque
679 1195 773 1251 totius
789 1195 923 1252 ecclesiae
937 1196 1143 1252 retinentibus.
1159 1199 1201 1252 Ac
1215 1199 1271 1252 lre·

99 1305 193 1348 naeus
209 1292 334 1362 quidem
349 1292 458 1347 nomini
478 1306 532 1347 suo
547 1305 618 1347 vere
631 1291 822 1360 respondem,
837 1306 891 1348 nec
908 1292 971 1348 solo
985 1293 1103 1348 nomine
1116 1291 1166 1346 sed
1180 1291 1270 1347 etiam
1345 1303 1348 1308 ’

102 1389 182 1444 vitae
198 1385 342 1444 instituto
353 1401 388 1443 ac
399 1385 550 1457 proposito
562 1387 714 1456 pacificus,
726 1400 780 1455 pro
794 1386 990 1442 ecclesiarum
1001 1399 1072 1456 pace
1082 1385 1146 1440 haec
1156 1384 1272 1440 monuit

100 1483 135 1540 et
148 1484 313 1554 allegavit.
329 1486 389 1539 Nec
407 1497 480 1539 vero
500 1483 536 1538 ad
549 1483 700 1540 Victorem
714 1482 821 1547 solum,
837 1482 886 1538 sed
907 1482 944 1538 nd
959 1479 1069 1536 multos
1082 1480 1157 1536 alios
1177 1480 1269 1536 ecclc-

100 1581 227 1636 siarum
236 1579 390 1635 antistites
400 1579 437 1634 de
446 1578 609 1649 quastione
619 1578 769 1649 proposita
779 1578 895 1634 litteras
906 1579 935 1633 in
946 1576 1080 1634 eamdem
1091 1575 1269 1632 sententiam

100 1678 204 1734 misit.
790 1661 794 1676 ¹
971 1722 973 1726 .
1201 1673 1204 1688 '

174 1781 249 1848 Cap.
265 1791 341 1833 xxv.
356 1775 507 1841 Quomodo
520 1775 620 1832 cuncti
632 1777 661 1832 in
675 1773 957 1834 unam'sentontiam
970 1777 1007 1833 de
1021 1775 1067 1831 die
1083 1775 1205 1834 Paschae

589 1873 792 1930 convenerint.

144 1971 289 2042 Episcopi
300 1969 549 2026 veroPalaestinae
561 1984 635 2039 quos
648 1969 736 2039 paulo
751 1983 842 2039 supra
851 1970 1094 2034 memoravimus,
1110 1970 1269 2028 Narcissus

102 2067 230 2124 scilicet
243 2067 274 2122 et
288 2066 478 2135 Theophilus,
493 2066 603 2122 etcum
617 2065 675 2121 illis
696 2065 813 2121 Cassius
826 2066 896 2134 Tyri
910 2067 941 2121 et
954 2065 1057 2122 Clarus
1078 2065 1269 2122 Ptolemaidis

103 2164 256 2234 episcopi,
271 2163 302 2219 ct
315 2163 365 2232 qni
379 2162 468 2218 simul
487 2177 554 2218 cum
570 2163 641 2232 ipsis
658 2163 870 2226 convenerant,
885 2162 1043 2231 postquam
1057 2161 1093 2217 de
1106 2161 1269 2219 traditione

103 2259 167 2315 diei
184 2260 339 2318 Paschalis
349 2260 487 2330 quaejam
502 2261 569 2316 inde
583 2261 620 2317 ab
630 2260 778 2330 Apostolis
788 2262 825 2316 ad
839 2261 918 2329 ipsos
931 2261 1073 2316 continua
1082 2263 1269 2342 successione

105 2354 300 2422 manaverat,
315 2355 410 2412 multa
423 2357 452 2411 in
472 2359 534 2412 suis
552 2355 661 2412 litteris
682 2356 899 2418 disseruerunt,
913 2355 1033 2414 tandem
1047 2355 1083 2412 ad
1099 2356 1187 2412 linem
1207 2358 1267 2427 epi·

105 2451 199 2506 stolae
214 2451 260 2507 his
274 2451 401 2507 utuntur
412 2452 521 2508 verbis.
538 2453 610 2508 Date
623 2467 744 2522 opernm
758 2453 792 2507 ut
811 2453 943 2521 epistolae
957 2453 1068 2508 nostrae
1085 2453 1268 2524 exemplaria

105 2559 164 2613 per
178 2561 283 2602 omnes
297 2548 437 2604 ecclesias
451 2548 621 2614 mittantur,
642 2564 678 2605 ne
693 2549 776 2604 nobis
789 2550 901 2604 crimen
922 2549 1069 2618 imputent
1088 2551 1138 2619 qni
1152 2551 1266 2608 animas

103 2655 179 2697 suas
193 2657 212 2698 a
225 2643 308 2698 recto
322 2645 457 2701 veritatis
470 2645 591 2704 tramite
609 2645 696 2700 facile
709 2644 869 2702 abducunt.
887 2645 961 2700 lllud
975 2645 1065 2701 ctiam
1080 2645 1163 2702 vobis
1177 2647 1266 2716 signi-

104 2735 246 2802 ficamus,
267 2739 370 2796 eodem
392 2756 450 2811 quo
472 2742 550 2811 apud
574 2757 626 2798 nos
649 2741 697 2798 die
716 2741 832 2797 Pascha
853 2740 1040 2797 Alexandriae
1060 2741 1215 2798 celebrari.
1241 2744 1265 2798 A

104 2835 194 2891 nobis
208 2835 288 2890 enim
302 2835 338 2890 ad
352 2837 429 2904 illos,
444 2838 475 2895 et
487 2838 618 2894 vicissim
632 2839 669 2894 ab
686 2838 745 2894 illis
758 2838 795 2894 ad
810 2853 863 2893 nos
877 2837 987 2894 litterae
1000 2837 1207 2908 perferuntur3
1222 2838 1265 2895 ita

105 2929 140 2986 ut
155 2946 218 2986 uno
236 2945 380 2987 consensu
393 2933 425 2989 et
439 2933 528 2989 simul
546 2934 770 2990 sacrosanctum
784 2947 962 3004 peragamus
977 2933 1065 2990 diem.
1084 2959 1096 2980 n
1117 2935 1153 3007 (1)

154 3081 195 3145 2.
212 3091 333 3146 Mauro
351 3093 519 3148 saansnsrs
537 3091 597 3164 (ap.
618 3095 690 3148 llus.
706 3091 751 3148 ·H.
772 3091 807 3146 E.
831 3092 876 3146 lv.
898 3089 956 3163 26).
984 3114 997 3136 u
1023 3092 1148 3148 Servilio
1172 3093 1265 3149 Panlo

105 3189 186 3248 haiae
197 3195 384 3262 proconsule,
394 3210 451 3266 quo
461 3195 595 3266 tompore
607 3197 725 3267 Sagaris
735 3198 913 3268 martyrium
925 3213 1081 3268 perpessus
1092 3199 1148 3264 est,
1157 3214 1265 3268 magna

106 3287 316 3344 controversia
329 3291 480 3348 Laodiceae
492 3292 623 3348 excitata
636 3293 682 3349 est
695 3292 732 3347 de
745 3293 934 3348 solemnitate
949 3293 1095 3356 Paschali‚
1111 3309 1178 3363 quae
1191 3295 1264 3351 tcm-

106 3385 225 3448 pestive
238 3385 268 3440 in
281 3386 347 3443 illos
360 3389 422 3445 dies
435 3389 579 3446 inciderat
594 3410 600 3447 :
616 3391 722 3460 quibus
742 3391 832 3447 etiam
842 3390 949 3446 diebus
963 3391 1027 3455 haec
1041 3390 1088 3463 [de
1100 3391 1262 3464 Poschotc]

108 3480 223 3536 anobis
236 3484 411 3556 praescripta
424 3485 503 3541 sunt.
524 3511 537 3533 n
551 3485 585 3554 (a)

154 3625 196 3690 3.
223 3637 309 3694 Acta
328 3640 457 3709 Synodi
477 3642 677 3698 Palaestinae
698 3659 753 3699 scu
773 3635 1004 3700 Caesariensis
1029 3644 1092 3716 (cca
1112 3660 1164 3703 aaz.
1190 3646 1261 3715 las).

146 3757 160 3780 u
182 3739 257 3792 Cam
276 3751 377 3793 omnes
396 3739 528 3808 Apostoli
546 3755 584 3795 ex
602 3740 658 3796 hoc
678 3741 787 3797 mundo
800 3742 987 3809 transissent,
1015 3758 1068 3812 per
1089 3744 1262 3802 universum

109 3831 214 3888 orbem
228 3831 347 3888 diversa
360 3836 446 3890 erant
455 3834 578 3903 jejunia.
594 3839 668 3891 Nam
682 3851 784 3892 omnes
804 3837 878 3892 Galli
898 3853 990 3893 unum
1004 3837 1081 3892 dicm
1095 3841 1263 3897 anniversa·

108 3926 187 3984 rium
200 3930 274 3984 Vlll.
290 3928 351 3983 kal.
366 3930 458 3998 April.
474 3929 589 3986 Pascha
602 3931 791 3987 celebrabant
802 3932 934 3989 dicentes
949 3954 955 3990 :
971 3934 1046 3999 Quid
1061 3934 1144 3991 nobis
1157 3935 1204 3991 est
1223 3937 1260 3994 ad

110 4019 187 4079 lunae
209 4023 382 4093 computum
396 4039 464 4080 cum
483 4025 593 4081 ludaeis
611 4025 710 4081 facere
730 4028 859 4083 Pascbal
880 4028 935 4084 Sed
955 4029 1032 4085 sicut
1046 4031 1158 4086 Domini
1180 4033 1262 4088 nata-

110 4118 179 4190 lem,
201 4135 389 4192 quocumque
401 4122 449 4178 die
468 4123 594 4189 venerit,
608 4125 682 4179 Vlll.
699 4123 761 4180 kal.
782 4125 926 4190 ianuarii,
940 4126 984 4181 ita
1002 4127 1032 4182 ct
1044 4128 1117 4183 Vlll.
1140 4127 1258 4190 kalend.

137 4385 163 4438 Ιἰ)
176 4385 206 4429 Ρ.
220 4383 249 4430 G.
264 4385 282 4429 t.
295 4383 350 4430 xil.
363 4396 388 4442 p.
400 4389 451 4430 lto.
726 4387 751 4439 (a)
763 4386 793 4432 P.
806 4385 836 4434 G.
850 4389 867 4432 t.
880 4386 935 4438 xx.
949 4398 973 4444 p.
986 4390 1036 4438 sili.
