3132 5140
361 419 421 482 111
609 435 679 481 uss.
703 436 729 480 v.
754 433 789 480 on
810 434 948 482 cournov.
972 435 1054 482 111111
1077 434 1159 480 sarr.
1184 433 1254 480 nus.

360 600 509 677 thesim.
525 633 564 682 a.
578 600 734 678 Falsum
747 600 849 677 enim
863 605 932 692 est,
952 605 995 678 ut
1008 599 1162 677 cuilibet
1180 624 1260 676 rem
1277 596 1485 676 examinanti

360 736 471 814 facile
494 741 654 827 constat,
681 737 840 815 citatum
867 741 983 840 caput
1006 738 1162 814 tertium
1184 760 1259 813 non
1285 734 1418 837 optime
1439 757 1485 808 co-

359 873 504 952 haerere
533 899 620 953 oum
650 874 697 950 iis
727 899 812 976 quae
843 874 1061 978 praecedunt
1094 899 1140 952 ex
1170 899 1255 976 quae
1284 873 1484 974 sequuntur.
1540 915 1541 970 3

303 1107 308 1116 .
360 1011 469 1100 Quod
491 1016 619 1090 autem
639 1010 734 1088 illud
762 1011 842 1088 sine
866 1011 1102 1112 incommodo
1121 991 1357 1114 praetermitti
1373 1003 1485 1109 possit,
1540 995 1541 1060 ἕ

358 1147 395 1222 id
413 1147 490 1224 fere
508 1148 548 1224 in
561 1152 641 1226 tota
658 1147 811 1224 Eusebii
829 1149 1006 1224 Historia
1024 1146 1146 1248 quoad
1161 1143 1369 1247 singularia
1381 1140 1487 1244 capita
1540 1175 1541 1248 3

357 1279 483 1358 locum
508 1281 622 1358 habet
651 1285 688 1357 et
717 1280 900 1383 ejusmodi
926 1283 1151 1381 argumento
1180 1279 1246 1354 vix
1276 1302 1350 1354 non
1378 1273 1488 1352 omnia

356 1415 581 1518 interpolata
605 1416 748 1492 censeri
779 1420 942 1518 possent.
967 1431 1000 1496 b.
1026 1416 1207 1492 Errorem
1235 1438 1325 1490 vero
1353 1407 1486 1488 histori·

358 1575 464 1640 cum,
500 1575 612 1653 quern
646 1555 745 1626 certe
779 1551 965 1629 Eusebius
1005 1576 1080 1628 uon
1120 1549 1355 1626 admissurus
1388 1545 1487 1623 fuisse
1540 1543 1541 1628 ἶ

357 1687 552 1776 asseritur,
578 1685 698 1762 multo
721 1687 846 1763 minus
871 1687 1148 1792 summisissent
1171 1685 1263 1762 adeo
1294 1682 1429 1770 callidi,
1452 1683 1487 1754 ut
1540 1663 1541 1694 ³

359 1827 634 1925 supponuntur,
666 1821 813 1898 falsarii
844 1822 1065 1932 Donatistae
1082 1826 1125 1899 ut
1153 1821 1192 1898 in
1222 1846 1309 1897 eum
1338 1821 1485 1896 incurro·

358 1963 455 2045 rent‚
482 1937 619 2060 quippe
639 1957 703 2060 qui
730 1957 768 2032 in
795 1957 1028 2034 documentis
1054 1981 1138 2059 quae
1164 1955 1278 2031 iidem
1304 1948 1485 2032 commenti

356 2114 436 2166 esse
460 2091 713 2180 affirmantur,
737 2093 960 2170 sententiam
988 2091 1217 2169 Asianorum
1240 2095 1278 2168 et
1303 2083 1485 2191 Agrippini
1540 2145 1541 2162 2

358 2248 432 2299 11011
455 2224 569 2302 semel
596 2226 925 2303 commemorarint
948 2229 998 2325 (1).
1027 2227 1290 2327 Praeterquam
1313 2223 1408 2328 quod
1430 2243 1485 2297 nec
1540 2206 1541 2268 3

350 2360 516 2461 judicari
530 2366 688 2463 possunt
706 2363 803 2439 lianc
817 2367 945 2440 notam
962 2361 1127 2439 voluisse
1144 2361 1296 2437 inurere
1309 2355 1484 2437 sententia
1540 2357 1541 2360 ’

356 2519 447 2583 suae,
480 2520 565 2596 quae
595 2497 675 2573 sola
699 2497 781 2598 Jam
802 2497 1009 2573 maximum
1035 2495 1299 2599 praejudicium
1322 2497 1484 2573 adversus

355 2651 437 2703 earn
455 2630 627 2706 omnibus
650 2631 850 2732 injecisset,
875 2657 957 2709 eam
976 2631 1118 2708 scilicet
1134 2635 1302 2734 tempore
1320 2624 1484 2733 Cypriani

297 2775 299 2780 '
354 2785 419 2837 scu
445 2762 566 2840 medio
592 2765 716 2842 seculo
744 2766 802 2843 III
828 2767 993 2869 primum
1020 2766 1059 2842 in
1084 2766 1242 2843 ecclesia
1274 2767 1388 2843 fuisse
1415 2785 1485 2865 pro·
1540 2739 1541 2804 1

354 2895 471 2974 latam
489 2903 542 2998 (a).

405 3063 440 3148 7·
465 3067 560 3156 Quae
589 3094 693 3158 vero,
725 3076 768 3149 ut
792 3073 874 3173 jam
903 3073 950 3149 ad
977 3073 1211 3175 praecipuum
1235 3065 1486 3174 disputationis
1540 3097 1541 3113 1

354 3206 467 3301 ceput
481 3202 697 3293 ‘redeamus
725 3230 880 3307 prorsus
906 3205 1143 3284 incredibilia
1165 3205 1249 3283 visa
1271 3209 1359 3282 sunt
1379 3197 1486 3305 quoad

354 3335 498 3411 codices
521 3335 688 3429 Eusebii,
712 3364 756 3416 ea
779 3341 889 3442 longe
912 3341 1026 3418 etiarn
1048 3340 1168 3441 magis
1194 3339 1307 3416 fidem
1324 3335 1487 3442 superant

353 3469 417 3546 ubi
439 3471 566 3572 egitur
585 3472 631 3550 de
647 3475 822 3577 operibus
848 3476 1044 3579 Cypriani.
1067 3474 1176 3563 Quod
1196 3473 1289 3550 siin
1310 3470 1486 3550 codicibus
1540 3527 1541 3536 2

353 3604 420 3682 illa
439 3632 552 3709 opera
574 3609 819 3687 referentibus
842 3610 1015 3712 quaedam
1042 3613 1247 3688 occurrunt
1274 3609 1322 3685 ab
1345 3601 1486 3684 eruditis

352 3739 450 3816 inter
473 3741 587 3819 dubia
615 3743 677 3819 vel
702 3745 921 3848 apocrypha
945 3744 1125 3847 relegata,
1159 3769 1204 3820 ea
1235 3741 1400 3846 profecto
1424 3759 1487 3814 non

352 3871 445 3950 adeo
463 3879 676 3954 constanter
698 3878 737 3954 in
759 3879 945 3968 omnibus
967 3879 1081 3956 etiam
1099 3877 1381 3965 vetustissimis,
1400 3869 1485 3950 eodi-
1540 3917 1541 3936 1

384 4162 413 4225 (1)
442 4162 497 4213 Gir.
521 4164 647 4228 Append.
671 4179 754 4231 pagg.
779 4161 817 4219 54
844 4171 908 4221 ante
940 4171 999 4220 tum
1012 4167 1116 4220 essedo
1129 4163 1485 4233 publicoquasiinecelesie
1540 4175 1541 4240 p

351 4256 434 4318 med„
445 4253 483 4310 56
496 4257 578 4321 med,
591 4253 627 4310 10
635 4263 697 4323 post
708 4260 780 4311 med.
941 4262 1130 4314 controversie
1142 4263 1218 4314 circe
1233 4265 1400 4330 baptismum
1411 4265 1483 4314 hare·
1540 4249 1541 4284 ³

381 4345 524 4414 (alliaque
541 4346 760 4400 baecdifficultes
778 4348 908 4402 solvendo
941 4351 1073 4414 ticorum,
1102 4365 1184 4415 quem
1209 4351 1364 4419 Cyprianus
1392 4351 1482 4420 primus
1540 4381 1541 4444 p

350 4437 459 4488 videtur
470 4436 651 4502 intelligendo
667 4439 817 4490 Eusebium
834 4438 908 4492 loeu—
942 4441 1110 4494 excitaverit.
