3180 5134
519 437 637 489 rueris.
661 441 698 488 nn
720 440 889 489 ulnrottro.
910 431 966 484 vi.
1289 413 1327 481 ot

202 615 270 681 41.
296 621 332 678 13
351 617 440 689 Aac.
461 621 524 676 Aoo
548 639 554 678 :
579 621 727 688 «Romae,
752 621 783 677 s.
806 618 957 691 Hippolyti
979 615 1132 688 martyris,
1157 614 1213 674 sub
1235 617 1323 674 Decio

160 723 356 794 Imperatore,
371 721 528 780 Valeriano
543 723 732 794 prefecto...
749 724 784 795 (ι)
802 749 815 772 e

197 835 366 890 Usunnnus
387 855 394 890 :
418 858 431 880 u
452 835 564 903 Romae,
586 834 664 891 beati
678 833 787 905 Ypoliti
807 833 962 904 martyris,
987 834 1038 904 qui
1057 848 1111 904 pro
1129 835 1322 895 confessionis

160 931 266 1001 glorie,
277 930 404 1000 Jubente
417 930 574 987 Valeriano
590 931 729 1002 praeside,
745 930 854 1001 ligatus
867 930 956 1002 pedes
966 929 1004 986 ad
1017 930 1096 986 oolla
1108 930 1320 991 indomitorum

60 1092 64 1098 ,
160 1041 317 1098 equorum,
327 1027 371 1083 sic
377 1041 431 1097 per
438 1019 614 1083 carduetum
622 1027 653 1084 et
659 1025 786 1083 tribulos
796 1025 945 1083 tractatus
958 1025 1058 1081 emisit
1071 1025 1218 1096 spiritum.
1228 1030 1321 1087 Passa

159 1123 205 1180 est
217 1123 309 1180 etiam
323 1123 487 1179 concordia
500 1123 604 1180 nutrix
613 1123 689 1194 ejus,
702 1137 769 1194 quae
782 1123 852 1179 ante
865 1123 963 1194 ipsum
976 1122 1136 1194 plumbatis
1149 1139 1229 1182 ceesa
1240 1140 1319 1184 mar-

160 1223 306 1293 tyrizavit
320 1243 328 1279 z
344 1223 375 1280 et
393 1222 444 1279 elii
458 1221 560 1279 decem
580 1231 612 1279 et
631 1237 738 1278 novem
757 1221 794 1278 de
812 1222 899 1278 domo
919 1221 1059 1292 ejusqui
1078 1222 1167 1278 simul
1180 1222 1319 1282 decollati

158 1321 238 1378 sunt.
257 1347 270 1370 n

198 1432 398 1487 Romanum
420 1452 425 1487 :
450 1455 463 1478 a
485 1432 587 1488 Romae
609 1429 688 1487 beati
708 1429 858 1502 Hippolyti
880 1429 1033 1500 martyris,
1057 1429 1107 1500 qui
1129 1443 1183 1499 pro
1205 1430 1319 1488 confes·

158 1529 252 1589 sionis
274 1530 371 1599 gloria
397 1529 452 1585 sub
474 1529 631 1586 Valeriano
659 1531 841 1600 imperatore
863 1528 931 1600 post
953 1527 1013 1584 alia
1034 1527 1194 1596 tormenta,
1218 1529 1317 1599 ligatis

157 1625 281 1695 pedibus
291 1627 328 1682 ad
339 1625 417 1683 colla
426 1626 638 1684 indomitorum
648 1606 804 1698 equorum.
816 1643 870 1700 per
881 1626 1059 1684 carduetum
1069 1625 1100 1682 et
1109 1626 1236 1684 tribulos
1249 1643 1316 1685 oru-

157 1720 265 1778 deliter
274 1722 401 1791 tractus,
412 1723 477 1780 toto
490 1738 615 1794 corpore
629 1724 760 1781 lacerato
771 1724 871 1782 emisit
883 1723 1033 1794 spiritum.
1049 1724 1132 1780 Pessi
1142 1723 1213 1780 sunt
1225 1725 1316 1782 etiam

157 1819 264 1876 eodem
284 1819 332 1876 die
353 1820 439 1877 beata
459 1821 621 1877 concordia
640 1822 705 1893 eJ'us
726 1823 839 1890 nutrix,
860 1837 927 1894 queo
948 1822 1018 1878 ente
1037 1823 1134 1892 ipsum
1156 1821 1317 1892 plumbatis

156 1931 236 1974 eaesa
249 1919 393 1989 migravit
406 1921 443 1976 nd
458 1921 626 1988 Dominum,
647 1923 678 1978 et
689 1921 741 1978 alii
755 1922 857 1979 decern
876 1921 908 1978 et
922 1936 1028 1978 novem
1042 1921 1179 1979 dedomo
1198 1937 1253 1980 sua
1265 1924 1316 1994 qui

156 2016 245 2072 extra
258 2018 376 2087 portam
391 2018 578 2078 Tiburtinam
591 2018 729 2076 decollati
743 2020 813 2076 sunt
826 2019 858 2076 et
870 2033 930 2076 uns
940 2033 1009 2075 cum
1022 2033 1057 2075 eo
1070 2021 1101 2076 in
1113 2033 1186 2091 agro
1199 2023 1315 2078 verano

155 2113 276 2184 sepulti.
294 2139 307 2160 υ
727 2113 731 2122 “

202 2263 272 2330 42.
294 2274 331 2330 22
350 2272 434 2345 Aup.
456 2275 648 2330 Romanum
672 2294 677 2330 :
704 2297 718 2320 a
741 2273 882 2344 inportu
903 2271 1144 2330 Romanosaneti
1165 2272 1315 2345 Hippolyti

156 2379 303 2451 Episcopi,
318 2381 483 2437 eruditione
497 2380 665 2447 clarissimi,
677 2381 728 2451 qni
741 2381 796 2438 sub
809 2381 981 2437 Alexandro
995 2381 1176 2451 imperatore
1188 2381 1226 2437 ob
1238 2395 1314 2451 pree·
1419 2373 1423 2382 '

155 2476 271 2532 cleram
285 2475 352 2533 fidei
367 2477 582 2534 consessionem
595 2477 731 2534 manibus
744 2477 925 2548 pedibusque
938 2476 1037 2548 ligatis
1049 2479 1079 2533 in
1092 2477 1183 2534 altem
1197 2478 1313 2536 foveam

155 2577 242 2648 aquis
260 2578 378 2648 plenam
398 2577 613 2649 precipitatus,
634 2578 772 2648 martyrii
791 2577 920 2648 palmam
940 2578 1054 2649 accepit
1074 2598 1081 2636 ε
1100 2577 1185 2648 cujus
1205 2593 1312 2649 eorpus

152 2675 232 2746 apud
250 2677 388 2733 eumdem
405 2677 504 2733 locum
517 2676 666 2747 sepultum
680 2676 746 2734 tuit.
768 2702 782 2726 n

199 2827 270 2894 43.
292 2836 329 2892 23
348 2833 431 2906 Aop.
453 2836 516 2891 Aoo
539 2855 544 2890 :
569 2858 582 2880 κ
604 2833 738 2904 inportu
755 2831 1083 2900 urbisHomae,natalis
1099 2831 1312 2904 sanctiHippo-

153 2939 222 3008 lyei,
238 2941 368 3006 Qniriaoi
381 2941 412 2998 et
422 2940 573 2997 Archillai.
588 2966 601 2988 n
614 2971 648 2980 -
659 2939 710 2996 Ita
723 2943 819 2997 etiam
832 2941 1009 2997 Usuunnns.

198 3103 268 3169 44.
290 3109 509 3168 abitionem
531 3131 538 3166 :
562 3134 575 3156 a
597 3110 698 3167 Romse
721 3108 829 3166 natalis
852 3107 946 3166 sancti
970 3107 1106 3164 Pontiani
1129 3107 1227 3177 Papae.
1254 3106 1310 3172 Qui

151 3215 315 3272 Maximino
338 3215 482 3273 adversm
505 3216 706 3273 Ecclesinrum
730 3213 901 3271 sacerdotes
922 3211 1157 3283 persecutionem
1180 3225 1310 3267 eommo-

152 3313 241 3370 vente
257 3339 271 3362 n
287 3311 491 3388 [Romanum
504 3329 561 3384 pro
574 3315 622 3370 bie
637 3314 725 3368 babet
739 3332 747 3368 :
763 3337 776 3358 a
792 3311 847 3377 Qui
860 3310 898 3367 ab
909 3308 1077 3367 Alexandro
1088 3307 1269 3380 Imperatore
1284 3307 1310 3381 n]

154 3435 168 3458 a
191 3425 258 3468 eum
281 3411 441 3482 Hippolyto
455 3409 505 3486 [ai.
528 3408 673 3485 Philippo]
688 3409 862 3480 presbytero
877 3405 926 3482 [in]
941 3405 1106 3464 Sardiniam
1123 3406 1307 3477 deportatus,

149 3509 249 3578 ibique
264 3509 391 3565 metibus
405 3507 564 3573 mactatus,
582 3507 761 3577 martyrium
783 3503 1036 3562 consummavit...
1064 3527 1077 3549 n
1093 3533 1126 3543 —
1147 3501 1198 3558 Ito
1215 3505 1311 3558 eliam

149 3607 318 3663 Usunnnus
339 3609 369 3661 et
385 3606 578 3662 Romanum
598 3604 651 3674 (od
671 3605 703 3660 19
717 3602 822 3675 Noe).
1340 3594 1346 3603 '

195 3757 265 3823 45.
288 3766 306 3821 2
325 3763 396 3820 Dee.
418 3765 610 3820 Romanum
632 3781 639 3818 ε
662 3784 676 3806 a
699 3760 808 3816 ibidem
820 3755 939 3834 [Romee]
952 3755 1120 3813 sanctorum
1137 3753 1305 3824 martyrum

147 3868 267 3924 Eusebii
281 3869 462 3938 Presbyteri.
479 3867 616 3926 Marcelli
630 3867 760 3932 Diaconi‚
773 3863 934 3934 Hippolyti,
949 3861 1071 3920 Maximi
1131 3860 1181 3929 qui
1196 3860 1226 3914 in
1241 3872 1305 3928 per-

122 3993 129 4000 ·
146 3965 302 4022 secutione
315 3965 462 4022 Valeriani
474 3965 528 4022 sub
542 3964 727 4023 secundiano
737 3961 838 4033 jndice
849 3959 1027 4030 martyrium
1038 3953 1276 4024 compleverunt.
1290 3979 1304 4001 n

173 4303 202 4358 (ι)
219 4301 288 4348 Fuso
304 4299 363 4345 dein
380 4299 456 4346 refert
466 4298 601 4346 historiam
620 4310 679 4357 pae-
737 4297 761 4344 8.
775 4291 915 4350 laurentii,
925 4291 1057 4349 dequibus
1067 4299 1144 4344 supra
1157 4291 1214 4336 ieet.
1227 4291 1272 4342 Η,

145 4390 228 4438 sionis
268 4387 403 4446 Hippolyti
442 4387 583 4434 secundum
617 4387 681 4432 Acta
