3154 5134
319 479 380 524 car.
404 479 442 525 ιν.
466 481 501 525 or
522 479 593 526 rurs
613 479 772 527 canonieus
793 479 932 527 cremum
953 480 1111 528 incurius.
1228 469 1283 528 261

133 678 150 708 n
174 641 335 742 cognita
351 642 509 720 veritate
521 666 686 719 errorem
700 668 768 719 vos
783 631 1062 720 consuetudinis
1077 643 1283 745 reliquisse.

133 815 150 843 n
176 778 362 856 Ceterum
385 804 452 856 nos
473 778 623 856 veritati
647 783 684 856 et
701 778 1007 855 consuetudinem
1019 779 1230 880 jungimus,
1250 786 1288 857 et

135 951 152 978 υ
175 913 444 990 consuetudini
470 914 732 993 Romanorum
759 911 1082 1000 consuetudinem,
1107 911 1170 988 sed
1192 913 1287 989 veri·

133 1084 149 1111 .-
174 1047 285 1135 tatis,
306 1047 540 1149 opponimus,
561 1048 608 1123 ab
625 1046 821 1140 initiatae
838 1050 1004 1123 tenentes
1022 1046 1119 1147 quod
1138 1070 1161 1122 a
1180 1045 1288 1123 Chri-

133 1220 150 1248 =
175 1188 236 1260 sto
269 1187 308 1259 et
337 1185 382 1261 ab
413 1184 591 1287 apostolis
622 1169 805 1262 traditum
834 1189 902 1262 est.
937 1185 1017 1260 Nec
1048 1183 1286 1261 meminimus

133 1354 150 1383 n
175 1316 250 1394 hoc
264 1318 365 1419 apud
385 1345 451 1396 nos
468 1319 669 1421 aliquando
687 1319 888 1421 coepisse...
914 1357 929 1385 n
951 1322 991 1418 (1)
1029 1293 1030 1302 i

451 1615 454 1624 ’
531 1600 818 1659 annuemus
842 1601 888 1658 11.
923 1643 930 1656 .

253 1855 371 1902 UTRUM
387 1856 568 1904 CYPRIANUS
584 1856 626 1902 ΕΤ
646 1855 859 1902 FIRMlLthUS
875 1855 942 1902 NON
957 1854 1170 1902 AGNOVERINT

160 1975 482 2024 INFALLIBILITATEM
506 1976 676 2035 ECCLESIAE,
699 1976 741 2023 ET
766 1975 939 2024 SPECIATIM
960 1975 1038 2021 Rom.
1063 1970 1254 2020 PONTIFICIS.

187 2243 230 2325 4.
258 2245 462 2334 Nimirum,
478 2245 598 2334 aiunt,
619 2245 791 2346 quamvis
809 2247 1053 2345 agnoscerent
1070 2242 1132 2319 isti
1147 2241 1283 2318 Patres

134 2381 405 2481 antiquitatem
424 2383 461 2456 et
479 2381 586 2481 quasi
604 2379 927 2456 universalitatem
940 2375 1154 2455 traditionis
1172 2373 1284 2451 eccle

133 2514 302 2592 siasticae
320 2513 420 2589 oiroa
433 2513 667 2590 validitatem
685 2513 859 2615 baptismi
873 2515 920 2590 ab
938 2511 1124 2588 haereticis
1138 2509 1279 2604 collati,

132 2651 235 2726 hanc
248 2647 490 2725 traditionem
507 2653 634 2725 tamen
651 2673 845 2725 erroneam
863 2652 900 2725 et
917 2647 1061 2726 Christi
1075 2670 1119 2723 ao
1136 2648 1282 2747 aposto·

130 2783 257 2860 lorum
276 2783 458 2858 doctrinae
471 2784 700 2860 contrariam
717 2783 1024 2886 pronuntiabant.
1047 2782 1148 2882 Ergo
1167 2779 1282 2857 eccle-

131 2919 229 2994 siam
274 2916 511 3014 infallibilem
550 2919 737 3019 negabant
775 2919 896 3020 quoad
936 2917 1281 3018 interpretationem

132 3055 248 3154 hujus
273 3051 467 3128 doctrinae.
497 3099 544 3108 -
567 3054 616 3130 Et
641 3053 760 3131 multo
785 3054 906 3154 magis
928 3053 964 3128 id
989 3054 1136 3128 constat
1159 3050 1281 3152 quoad

131 3186 438 3264 infallibilitatem
474 3188 637 3265 Romani
670 3188 877 3265 Pontificis
913 3188 1039 3275 Quum
1069 3184 1169 3261 enim
1200 3184 1280 3262 Ste-

132 3331 282 3438 phanus
300 3329 438 3406 diserte
451 3328 682 3407 definivisset
695 3330 922 3432 baptismum
941 3329 987 3406 ab
1002 3325 1188 3404 haeretiois
1205 3322 1280 3400 ool-

132 3463 253 3539 latum
297 3461 466 3537 validum
493 3488 590 3564 esse
632 3489 700 3540 nec
742 3464 897 3566 proinde
939 3463 1164 3552 iterandum,
1209 3461 1280 3564 ipsi

132 3596 333 3702 praefracte
350 3620 433 3672 eam
452 3595 707 3673 definitionem
727 3600 953 3698 respuerunt
969 3600 1006 3673 et
1023 3620 1219 3673 erroneam
1236 3619 1280 3672 ao

135 3732 384 3834 perniciosam
402 3711 684 3811 contenderunt.

188 3905 235 3998 b.
257 3910 343 3986 Neo·
363 3912 476 4010 ⁴juvat
511 3893 688 4014 reponere
722 3919 757 3989 1⁰
789 3913 1045 3990 definitionem
1075 3912 1172 3988 hanc
1207 3938 1282 3988 non

137 4045 252 4121 fuisse
281 4044 546 4145 dogmaticam,
573 4049 635 4125 sed
664 4049 899 4151 Stephanum
923 4048 1098 4152 prudenti
1124 4047 1280 4126 oonsilio

137 4177 363 4254 abstinuisse
392 4205 416 4256 a
446 4182 653 4260 definiendo
684 4183 764 4284 ipso
794 4184 979 4286 principio
1009 4185 1218 4285 dogmatico
1245 4187 1282 4260 et

171 4477 201 4562 (r)
214 4477 337 4542 Append.
353 4496 415 4547 pag.
430 4476 475 4534 70.
