3208 5150
373 461 432 508 cnr.
456 462 485 507 v.
509 461 671 510 nunnoun.
694 461 930 510 mummolus.
954 464 982 510 n.
1010 465 1036 510 r.
1241 456 1275 514 si

123 630 221 703 tum
247 624 410 704 Romano
432 627 609 706 Pontifici
631 628 802 730 cgnitum
823 629 939 706 fuisse
961 655 1098 708 munus
1122 634 1277 711 curandi
1375 693 1381 703 .

124 763 286 862 majora
302 763 443 864 negotiu
461 764 509 840 ad
527 763 746 841 universam
763 763 958 842 ecclesiam
976 767 1193 868 spectantia.

181 913 225 984 2⁰
247 907 415 1014 Episcopi
436 912 612 990 mandato
633 913 796 990 Victoris
816 914 1017 992 obediendo
1036 917 1278 999 ostenderunt

124 1068 169 1119 se
205 1041 263 1119 illi
298 1069 373 1122 esse
405 1047 586 1126 subditos.
621 1095 668 1106 -
700 1051 779 1128 Neo
809 1050 974 1140 dicetur,
1006 1052 1106 1154 ipsos
1140 1056 1278 1134 obtem-

123 1201 283 1279 perasse
308 1181 487 1271 suasioni,
520 1207 595 1260 non
620 1184 797 1261 mandato
822 1186 1005 1284 (1).Nam,
1034 1185 1121 1265 licet
1147 1189 1278 1269 Victor

123 1339 204 1390 non
240 1315 402 1418 imperii,
441 1319 504 1396 sed
539 1319 729 1421 petitionis
763 1321 885 1397 forme
918 1321 1015 1398 hanc
1045 1324 1273 1423 synodorum

121 1449 432 1528 convocationem
462 1451 641 1530 indixisse
666 1453 764 1530 credi
792 1453 923 1556 possit,
942 1459 1067 1531 tamen
1093 1457 1166 1534 ista
1189 1484 1274 1536 con·

121 1584 251 1660 sensio
274 1585 531 1689 episcoporum
550 1589 588 1665 in
610 1589 773 1691 parendo
791 1590 862 1692 ipsi
880 1589 965 1692 plus
983 1615 1096 1692 quom
1114 1597 1275 1672 auctori·

120 1725 244 1796 tatem
266 1721 456 1798 suadentis
478 1723 518 1798 in
538 1748 581 1800 eo
603 1724 847 1802 manifestet:
873 1726 1111 1826 nequeenim
1133 1728 1178 1804 de
1199 1730 1274 1808 alio

123 1853 258 1956 aliquo
280 1856 451 1960 episcopo
474 1857 512 1933 id
534 1857 708 1960 legimus,
729 1859 826 1960 quod
847 1863 992 1936 tantam
1012 1862 1273 1943 auctoritatem

120 1991 163 2066 in
196 1992 375 2070 universe
408 1993 564 2071 ecclesie
599 1996 773 2073 habuerit
797 2001 853 2084 ut,
890 1997 971 2097 ipso
998 2002 1166 2098 rogante,
1195 2006 1272 2080 toto

118 2125 215 2200 orbe
244 2127 358 2202 ceteri
387 2128 549 2232 episcopi
582 2130 710 2207 statim
739 2129 980 2208 convenerint
1005 2135 1042 2208 et
1071 2138 1272 2214 sententias

25 2300 33 2313 ·
118 2283 215 2336 suas
234 2259 280 2336 ad
298 2285 382 2337 eum
401 2262 585 2340 miserint.

172 2413 213 2484 3ο
243 2409 518 2508 Argumentum
547 2410 676 2522 etiarn¹
693 2412 821 2513 magni
853 2414 1032 2491 momenti
1062 2415 1280 2496 desumitur·
1334 2472 1338 2480 -

117 2571 168 2620 ex
193 2545 338 2622 ratione
361 2547 495 2647 agendi
520 2547 780 2649 episcoporum
805 2549 883 2650 qui,
909 2555 993 2651 post
1017 2557 1269 2632 excommuni-

116 2681 308 2758 cationem
337 2707 361 2757 a
389 2682 543 2758 Victore
572 2686 703 2758 contre
733 2682 893 2759 Asianos
924 2684 1203 2785 pronuntiatem
1234 2695 1270 2765 et

116 2815 296 2916 quamvis
314 2813 511 2891 Pontificis
528 2815 764 2892 severitatem
783 2815 1049 2918 improbarent,
1065 2821 1190 2893 tamen
1206 2818 1267 2897 lit·

114 2959 290 3026 terarum
315 2950 587 3027 communionis
613 2951 879 3028 commercium
902 2977 987 3028 cum
1013 2951 1266 3031 Orientalibus

114 3083 404 3160 intermiserunt
429 3086 479 3180 ().

148 3357 178 3417 (ι)
192 3353 267 3405 Dicit
276 3353 349 3406 onim
362 3353 524 3419 Polycrates
536 3367 565 3407 sc
579 3357 670 3407 conci·
706 3358 783 3406 turos
806 3355 891 3407 tuisse
919 3354 1025 3406 litteras
1048 3359 1262 3412 communicato-

111 3448 184 3499 lium
208 3459 387 3510 convocasse,
423 3447 453 3497 ut
475 3449 555 3509 petiit
576 3447 672 3499 Victor
705 3447 761 3498 rias
788 3459 884 3498 corum
908 3447 955 3509 qui
983 3449 1010 3498 ct
1038 3447 1138 3500 vellent
1165 3451 1263 3514 cuique

111 3547 196 3612 (lbid.
211 3541 302 3611 pap?
312 3545 404 3607 artnl.
704 3545 828 3597 ecclcsiae
846 3543 963 3595 liberum
986 3558 1047 3596 esso
1070 3548 1101 3596 ut
1121 3548 1261 3612 antiquam

147 3639 178 3701 (a)
196 3635 277 3686 Teste
288 3635 442 3686 Eeirunuio
456 3633 590 3700 (Append.
604 3648 666 3700 pag.
703 3647 781 3686 suam
811 3633 1036 3685 consuetudinem
1066 3635 1211 3698 retineret,
1236 3643 1263 3691 at

109 3729 148 3786 12
162 3733 254 3797 extr).
275 3761 307 3770 -
326 3730 455 3784 Occurrit
474 3731 584 3794 quidem
603 3732 667 3784 huie
700 3732 813 3783 tantari
826 3731 1142 3796 iliorumcausamapud
1159 3731 1261 3787 Roma-

110 3823 279 3887 argumento
288 3822 331 3872 Dr.
343 3821 457 3871 Porrus
468 3820 584 3871 dicendo
593 3820 667 3885 ipsos
700 3834 766 3872 num
779 3819 943 3872 Pontificem
957 3820 1072 3884 agerent
1084 3821 1114 3870 ut
1126 3819 1262 3876 Eusebius

110 3909 271 3964 orientales
282 3911 364 3974 hujus
379 3909 561 3974 separationis
573 3911 667 3961 auoto-
702 3910 777 3960 dicat
792 3911 866 3960 hunc
886 3910 921 3960 ab
943 3909 983 3959 eis
1004 3908 1129 3960 acerbius
1147 3915 1260 3974 perstri-

110 4019 157 4056 res
175 4005 269 4055 tuisse.
281 4004 384 4056 Verum
396 4003 472 4056 nullo
490 4005 668 4057 fundamento
702 4008 776 4057 ctum
797 4005 881 4056 tuisse
905 4004 1038 4068 (appono.
1059 4019 1120 4069 pag.
1144 3999 1259 4074 Siniti.

111 4097 140 4146 id
163 4095 286 4147 asserit:
306 4097 330 4147 si
350 4096 462 4160 quidem
485 4097 666 4161 Epiphanius,
700 4125 731 4134 -
755 4096 821 4147 Haec
843 4097 913 4146 torte
938 4095 1059 4145 sentiens
1086 4094 1127 4146 Dc
1151 4096 1260 4161 Potter,

111 4198 197 4248 quem
209 4186 296 4237 solum
309 4187 392 4252 hujus
400 4186 442 4236 rei
454 4187 551 4237 testem
563 4187 630 4238 citat
640 4189 666 4239 et
700 4201 755 4239 non
766 4188 801 4238 ab
818 4182 1039 4238 occidentalibus
1056 4187 1201 4251 episcopis,
1212 4190 1260 4239 sed

109 4276 207 4335 isabel,
219 4275 246 4324 id
256 4289 429 4340 nequaqnam
442 4277 560 4344 indicat3
573 4278 628 4330 imo
640 4280 668 4330 et
700 4291 717 4328 a
732 4279 895 4340 quibusdam
908 4274 1034 4327 fidelibus
1050 4274 1113 4324 illas
1129 4277 1260 4339 epistolas

109 4363 226 4415 omniuo
237 4363 411 4430 improbabili
422 4367 590 4430 conjectura,
602 4381 665 4418 cum
699 4364 958 4418 communicatorias
991 4363 1088 4413 missas
1120 4366 1257 4428 supponit.

109 4450 246 4504 credibile
262 4467 315 4506 non
334 4455 372 4506 sit
383 4453 540 4507 Orientales
556 4468 665 4506 recusa·
700 4457 735 4506 nt
746 4457 804 4506 hoec
818 4453 972 4519 suppositio
989 4451 1055 4501 satis
1067 4451 1186 4501 absurda
1197 4459 1257 4504 est:

1117 4543 1133 4604 l
