3154 5134
479 471 587 518 nnsns.
611 473 649 518 ns
669 474 741 520 nou.
765 473 846 519 nunni
869 472 956 517 nelsc.
1287 455 1305 511 ⁵

126 634 236 703 ferre,
258 649 314 690 nee
334 635 464 706 cogitare
476 649 527 720 eos
539 651 604 694 esse
623 639 782 706 Romanos,
796 649 926 708 quonum
945 635 1017 692 fides
1035 635 1176 706 Apostolo
1195 635 1303 706 proedi-

127 731 234 788 eante
254 733 380 790 laudate
397 735 452 803 est,
466 736 503 792 od
516 750 590 806 quos
602 737 727 807 perfidie
745 737 856 794 hebere
870 750 928 792 uon
942 735 1038 805 possit
1055 748 1222 791 secessum.
1241 760 1254 782 n
1268 735 1305 807 (1)

184 869 234 934 2.
257 885 463 938 qummnus
487 881 634 938 Caesarea
653 885 688 937 ia
705 881 900 956 Cappadocia
914 883 1072 950 episcopus
1087 883 1122 942 ia
1140 881 1306 950 Epistola

125 979 176 1036 ad
203 980 423 1048 Cypriauum
443 979 538 1047 (inter
558 981 651 1047 tepus
668 977 769 1048 Epist.
785 979 845 1046 75),
866 992 898 1032 a.
921 978 962 1032 17.
981 999 994 1021 u
1009 975 1105 1044 Atque
1121 990 1177 1044 ogo
1195 976 1226 1031 in
1247 975 1304 1032 hac

125 1075 230 1146 parte
242 1074 328 1144 juste
350 1073 486 1144 indignor
504 1075 542 1130 ed
562 1075 638 1130 hanc
659 1074 722 1130 tem
741 1074 877 1144 apertam
894 1071 925 1127 et
947 1071 1136 1128 manifestam
1157 1071 1304 1141 Stephani

127 1169 183 1242 [R.
219 1168 268 1240 P.]
294 1169 470 1234 stultitiam,
497 1170 574 1239 quod
600 1169 651 1240 qui
679 1170 722 1226 sie
747 1170 784 1225 de
810 1168 997 1239 episcopatus
1030 1168 1076 1224 sui
1104 1167 1170 1223 loeo
1196 1169 1304 1238 glorie-

124 1266 189 1320 tur
220 1265 253 1320 et
278 1280 313 1342 se
336 1267 552 1321 successionem
579 1266 660 1321 Petri
684 1265 787 1322 tenere
813 1264 981 1330 contendit,
1005 1279 1095 1334 super
1124 1279 1213 1334 quom
1241 1265 1305 1320 lun-

124 1361 288 1417 damente
314 1363 454 1418 Ecclesiae
478 1363 623 1418 collocuta
648 1363 728 1428 sunt,
755 1361 866 1417 multas
892 1361 966 1416 alies
993 1361 1093 1431 petros
1119 1358 1243 1416 inducat
1273 1359 1305 1416 et

124 1456 343 1514 eeclesiarum
363 1459 525 1514 multarum
545 1473 623 1514 nova
642 1459 775 1516 aedilicia·
787 1458 960 1524 constituat,
981 1458 1052 1514 dum
1072 1473 1138 1516 esse
1157 1459 1218 1515 illie
1236 1459 1304 1529 bap-

123 1555 236 1612 tisma
258 1569 315 1610 sua
336 1555 514 1612 auctoritate
536 1555 674 1612 defendit.
705 1583 719 1604 κ
742 1556 785 1614 Et
805 1559 903 1626 paulo
932 1557 1054 1626 infra:
1080 1579 1094 1602 u
1119 1556 1301 1626 Stephanus,

125 1653 186 1723 qui
228 1666 284 1721 per
311 1654 527 1708 successionem
551 1653 723 1710 cathedram
744 1653 825 1710 Petri
857 1667 890 1709 se
921 1654 1031 1710 habero
1051 1654 1202 1724 predicat.
1227 1679 1241 1702 n
1268 1653 1303 1724 (2)

161 1955 195 2010 (ι)
211 1954 242 1999 P.
258 1953 289 1999 n.
302 1955 320 2000 ι
333 1953 378 2000 111.
392 1965 415 2011 p.
429 1957 478 2000 sm.
765 1955 794 2010 a)
803 1956 833 2001 P.
845 1955 873 2001 u.
888 1957 905 2001 t.
918 1953 963 2000 111.
977 1966 1001 2012 p.
1018 1957 1080 2002 neo.
