3170 5134
463 449 524 494 cur.
547 448 585 494 ix.
609 447 645 494 nn
668 447 846 493 xrrrotrrus.
1098 511 1099 516 ἵ
1167 435 1225 495 ron

106 620 238 698 theonis
273 618 473 696 traduntur
506 613 604 716 apud
640 613 866 700 Onmnnnx,
904 611 1154 724 Eripuit-nrum
1189 617 1226 690 et
1271 587 1274 599 ¹

107 757 397 840 Turonoanrum
417 751 503 826 inde
523 749 649 850 colligi
672 752 792 850 potest
813 778 820 823 :
840 781 878 828 a.
901 748 1036 825 Plures
1059 749 1225 827 extitisse

106 886 359 966 haeresiarchas
379 871 501 985 'hujus
532 881 693 960 nominis
722 883 772 979 h).
805 896 839 959 o.
866 881 1087 959 Dositheum
1117 881 1225 960 illum

107 1023 381 1108 Samaritarum,
397 1020 441 1096 de
458 1043 531 1120 quo
549 1016 729 1118 Origenes
747 1021 792 1091 de
808 1018 1021 1112 Prnncz'pr'r's
1038 1016 1104 1092 IV.
1126 1023 1169 1093 17
1188 1021 1224 1114 (a)

106 1163 139 1234 et
163 1155 388 1260 Epiphanius
419 1158 525 1229 Hoer.
559 1157 603 1228 13
629 1155 680 1250 (a),
711 1150 840 1226 eadem
870 1151 1020 1226 omnIno
1050 1150 1226 1251 dogmata

107 1291 295 1392 professum
329 1314 408 1366 esse
441 1312 527 1364 cum
557 1285 720 1363 Essenis.
753 1316 785 1364 o.
815 1284 1035 1362 Dositheum
1065 1283 1223 1361 alterum

108 1425 370 1502 Samaritanum
400 1422 456 1520 (de
482 1446 554 1523 quo
580 1443 652 1495 non
678 1419 824 1495 locutus
849 1420 905 1493 est
930 1417 1164 1519 Epiphanius
1190 1424 1226 1497 et

106 1528 199 1656 quem
228 1557 362 1644 solum,
391 1555 537 1631 omissis
567 1551 666 1641 aliis,
694 1552 808 1628 refert
834 1551 1087 1629 Theodoretus
1114 1559 1221 1632 Hoer.

105 1693 181 1767 Fut.
209 1691 238 1766 I.
271 1697 286 1765 l
316 1691 425 1785 extr.)
456 1691 499 1786 (l)
529 1687 678 1764 easdem
707 1687 783 1763 fere
812 1687 999 1764 doctrinas
1028 1690 1226 1767 tradidisse

105 1849 174 1924 quae
195 1826 322 1903 Simon
347 1825 496 1924 Magus,
525 1821 631 1900 Unde
653 1821 833 1922 Origenes
857 1847 1051 1899 eumcum
1076 1823 1226 1900 Simone

105 1961 283 2060 conjungit
307 1964 448 2036 Contra
471 1960 621 2034 Cetsnrn
639 1954 669 2030 I.
690 1959 737 2030 57
759 1958 795 2031 et
815 1955 880 2031 VI.
908 1960 947 2030 Il
974 1958 1028 2052 (ah
1052 1959 1089 2031 et
1107 1955 1225 2032 Theo·

105 2092 240 2171 doretus
262 2093 356 2170 nihil
380 2092 529 2169 omnino
554 2090 741 2192 peculiare
761 2090 806 2166 de
828 2091 907 2191 ipso
929 2091 1059 2178 tradit,
1083 2091 1145 2168 sed
1168 2118 1224 2169 so·

106 2229 172 2307 lum
200 2257 332 2308 nomen
363 2229 677 2307 Dositheanorum
708 2227 822 2303 refert
851 2226 1061 2305 interillos
1091 2229 1226 2330 quiex

106 2362 305 2440 Simoniana
331 2367 431 2440 secta
455 2364 526 2440 orti
554 2365 651 2439 sunt.
681 2377 719 2441 ct.
747 2361 992 2438 Dositheanos
1018 2363 1108 2440 istos
1134 2365 1225 2442 satis

105 2497 284 2573 obscuram
311 2501 449 2574 sectam
475 2495 601 2573 fuisse.
626 2497 723 2572 Nam
747 2495 792 2570 de
814 2495 860 2571 iis
885 2495 1064 2596 Origenes
1085 2500 1225 2576 Contra

107 2633 187 2706 Cets.
206 2631 270 2708 VI.
295 2637 335 2707 Il
361 2661 367 2705 :
393 2667 408 2696 a
431 2629 647 2707 Dositheani
666 2630 741 2727 (ait)
760 2655 826 2705 nec
844 2629 1007 2730 primum
1025 2631 1223 2708 admodum

107 2801 120 2816 ·
140 2767 342 2854 valuerunt,
367 2771 403 2843 et
426 2792 523 2842 nunc
540 2766 698 2856 omnino⁸
712 2765 883 2842 exstincti
903 2769 1001 2852 sunt,
1026 2765 1079 2842 ita
1100 2769 1143 2842 ut
1159 2766 1224 2843 vix

105 2903 283 3004 ·triginta
311 2902 444 3006 reliqui
475 2907 729 2980 memorentur
755 2939 770 2963 ν
797 2905 845 2999 (a).
870 2948 916 2957 -
938 2903 1081 3003 Itaque,
1108 2906 1149 2978 ut
1176 2903 1222 2978 ad

104 3038 316 3137 propositam
346 3037 589 3138 objectionem
617 3037 831 3122 veniamus
863 3059 937 3110 non
965 3033 1056 3110 adeo
1086 3034 1223 3116 mirum

104 3173 266 3273 estquod
293 3178 424 3250 auctor
450 3175 587 3260 noster,
615 3172 654 3247 in
680 3169 902 3248 accuratiori
929 3168 998 3245 hoc
1024 3169 1223 3247 haeresium

41 3391 44 3402 ¹
105 3307 274 3396 examine,
302 3333 416 3409 quum
447 3308 591 3384 videret
619 3308 866 3385 Dositheanos
893 3304 995 3382 nulla
1021 3305 1224 3407 peculiaria

106 3445 266 3548 dogmata
283 3450 457 3526 habuisse
481 3453 619 3551 praeter
642 3473 686 3524 ea
710 3473 793 3548 quae
818 3446 1086 3548 profitebantur
1104 3445 1223 3524 Simo-

106 3579 195 3659 niani
213 3589 248 3661 et
265 3584 396 3661 Esseni
417 3583 624 3686 (dequibus
646 3583 727 3659 fuse
748 3581 827 3682 agit
847 3580 910 3657 lib.
931 3580 985 3656 VI
1003 3584 1039 3656 et
1056 3580 1119 3657 lib.
1141 3581 1221 3679 IX),

132 3900 645 3967 (1)UtrectepostDnustunnotavituu
710 3900 1222 3965 (affixeratItemdeSimoniauisibid.

108 3999 135 4038 m
147 3989 242 4042 Ruuad
252 3991 380 4056 origenis
393 3989 494 4042 Contra
505 3989 643 4042 Celsuml.
679 3991 700 4042 I.
719 3993 769 4040 57:
788 4011 800 4032 u
816 3991 895 4041 Nunc
911 4003 975 4041 vero
992 4004 1046 4041 non
1062 3991 1181 4042 arbitror
1196 3993 1223 4042 in

107 4077 134 4124 57
144 4078 182 4140 (P.
195 4079 225 4131 G.
238 4083 257 4132 t.
271 4081 320 4131 XI.
335 4094 360 4144 p.
374 4081 430 4130 765.
444 4083 500 4130 not.
512 4081 561 4142 67).
678 4101 690 4122 n
705 4079 761 4130 toto
783 4080 849 4132 orbe
871 4079 987 4144 reperiri
1010 4093 1090 4144 posse
1113 4081 1225 4145 triginta

134 4171 159 4227 ht
168 4167 197 4218 P.
211 4169 240 4220 G.
255 4174 273 4219 t.
287 4169 335 4220 XI.
350 4183 376 4232 p.
390 4169 445 4220 380.
675 4192 686 4206 κ
701 4169 884 4220 simonianos.
896 4193 908 4212 a
920 4169 998 4220 Unde
1010 4171 1167 4221 confirmari
1180 4187 1224 4236 po·

131 4257 158 4316 tu)
172 4256 201 4306 P.
214 4258 244 4308 G.
259 4261 277 4308 I.
292 4257 362 4308 XLI.
377 4272 402 4321 p.
415 4259 471 4308 237.
676 4260 731 4309 test
760 4258 940 4310 DosiIhcanoc
968 4272 1031 4309 cum
1059 4260 1224 4312 SimoniauIs

133 4349 162 4411 nt
173 4349 202 4398 P.
216 4351 245 4400 G.
260 4352 279 4400 t.
293 4350 445 4402 LXXXIII.
461 4365 486 4414 p.
497 4353 553 4402 345.
678 4353 838 4414 conjunctos
850 4351 876 4403 et
888 4351 1015 4401 contusos
1028 4351 1118 4403 tuisse.

131 4443 157 4502 ts)
168 4439 197 4491 P.
210 4440 241 4491 G.
255 4443 273 4491 t.
287 4440 336 4491 XI.
350 4455 395 4505 pp.
408 4443 465 4502 765,
480 4442 549 4493 1305.
