3154 5134
721 485 790 530 mss.
803 475 853 529 'vn
878 486 913 530 or
934 485 1109 530 onrmnronn

736 707 1024 765 AR'HGULUS
1057 709 1084 764 1.

607 948 811 996 ARGUMENTA
827 948 1020 998 SENTENTIAE
1035 947 1207 995 nnonnrls.

389 1173 425 1256 2.
458 1177 514 1253 Ea
543 1199 726 1276 exponere
756 1172 976 1274 aggrediens
992 1215 993 1218 π
1012 1173 1194 1248 Maranus
1227 1177 1324 1248 roste
1349 1169 1476 1248 statuit
1553 1181 1554 1276 l

339 1310 541 1413 imprimis
571 1345 586 1375 u
613 1307 795 1410 ejusmodi
819 1307 918 1384 sacta
944 1305 1144 1407 rejicienda
1173 1331 1266 1394 csse,
1299 1331 1381 1406 quae
1407 1303 1474 1378 hoc

336 1443 476 1545 triplici
500 1443 592 1519 vitio
609 1441 794 1529 laborant,
814 1445 857 1518 ut
877 1465 963 1516 curn
981 1440 1292 1542 exploratissimis
1311 1439 1473 1516 historia
1553 1411 1554 1424 ἵ

336 1578 584 1656 monumentis
607 1563 790 1680 pugnent;
810 1580 847 1653 et
863 1576 923 1664 iis,
944 1601 967 1652 a
988 1576 1122 1677 quibus
1141 1601 1207 1650 nec
1225 1573 1390 1674 ignorari
1410 1597 1472 1648 nec

334 1715 448 1791 taceri
463 1718 676 1816 potuerunt,
697 1713 826 1813 ignota
839 1711 979 1788 suerint
992 1717 1028 1788 et
1040 1711 1188 1788 silentio
1202 1709 1469 1811 praetermissa

270 1937 272 1941 v
334 1848 484 1926 anullo
509 1848 668 1950 denique
697 1848 827 1925 idoneo
856 1851 963 1936 teste,
996 1848 1058 1923 sed
1086 1872 1168 1923 sero
1194 1871 1237 1922 ac
1262 1846 1341 1922 sine
1366 1867 1471 1943 argu·

335 1986 471 2062 mentis
497 1985 543 2060 ab
570 1984 797 2071 hominibus,
825 2008 985 2083 quorum
1011 1984 1191 2060 intererat
1214 1983 1267 2058 ita
1290 2005 1368 2056 rem
1390 2002 1469 2054 evc—
1553 2083 1554 2094 ἵ

334 2119 446 2206 nisse,
479 2121 634 2194 narrata
663 2117 748 2194 sint.
785 2153 800 2182 n
836 2117 957 2193 Porro
988 2116 1125 2217 triplex
1156 2115 1254 2191 isturl
1281 2114 1416 2190 vitium
1439 2109 1469 2184 ci

332 2276 445 2354 quam
468 2255 643 2328 asserunt
665 2252 767 2328 vocis
790 2267 929 2344 ὁμοιύσως
952 2276 1017 2353 per
1041 2250 1251 2328 Concilium
1274 2246 1468 2325 Antioche-

331 2413 422 2464 num
440 2388 701 2490 proscriptioni
719 2387 840 2464 inesse
856 2387 1055 2503 contendit.
1077 2385 1259 2462 Videlicet

382 2566 419 2646 3.
441 2584 472 2647 Ι.
502 2605 517 2632 u
544 2567 648 2645 ‘Oum
673 2566 818 2644 Paulus
844 2567 929 2642 sede
953 2564 1187 2642 Antiocheno
1214 2563 1377 2662 dejectus
1399 2564 1464 2643 est,

330 2704 493 2781 nondum
524 2704 611 2780 anni
645 2704 771 2780 decem
808 2701 1042 2790 effluxerant,
1077 2725 1124 2775 ex
1158 2725 1230 2800 quo
1265 2695 1465 2796 Dionysius
1553 2691 1554 2696 ’

331 2836 610 2912 Alexandrinus
628 2862 651 2913 a
668 2835 1043 2938 pentapolitanorum
1064 2831 1251 2910 nonnullis
1269 2829 1368 2932 apud
1386 2829 1467 2906 Dio-

330 2971 482 3073 nysium
507 2972 723 3049 Romanum
742 2975 938 3047 accusatus
960 2970 1084 3046 suerat
1106 2973 1207 3064 quod
1225 2969 1373 3042 Filium
1391 2987 1468 3038 rem

330 3115 498 3181 creatora
522 3132 590 3180 nec
611 3107 726 3182 Patri
747 3107 1110 3180 consubstantialem
1126 3104 1277 3178 diceret.
1300 3099 1467 3202 Synodus

330 3237 464 3314 Rornae
487 3241 618 3314 coacta
640 3264 715 3315 rem
736 3225 887 3339 indigne
912 3237 1013 3326 tulit,
1045 3263 1088 3314 ac
1112 3239 1309 3316 Romanus
1333 3239 1467 3339 episco-

330 3397 400 3474 pus
419 3373 587 3449 omnium
606 3374 828 3450 sententiam
846 3373 891 3450 ad
915 3373 1092 3474 gentilem
1110 3399 1220 3450 suum
1241 3375 1464 3478 perscripsit.

330 3507 565 3584 Peonolesta
582 3535 641 3584 res
660 3509 794 3586 accidit
816 3509 998 3610 Dionysio
1017 3491 1285 3596 Alcimndrino‚
1306 3509 1467 3611 quicum

329 3633 407 3744 pati
439 3669 513 3719 non
543 3649 666 3746 posset
699 3649 844 3722 tantam
876 3645 997 3721 labem
1028 3645 1168 3720 nomini
1199 3670 1266 3721 suo
1298 3645 1465 3724 insidere,

328 3780 457 3856 statim
476 3780 670 3882 epistolam
692 3781 738 3858 ad
759 3780 982 3881 Dionysium
1007 3780 1223 3857 Romanum
1247 3782 1410 3883 scripsit,
1432 3781 1465 3855 in

329 3940 404 4015 qua
429 3916 609 3992 mendacii
641 3917 823 4018 arguebat
857 3915 1021 3992 affictam
1057 3916 1126 3991 sibi
1157 3915 1462 4000 criminationem,

330 4057 432 4145 qood
444 4076 522 4126 non
540 4053 680 4128 diceret
700 4054 893 4129 Christum
911 4057 989 4127 Deo
1002 4075 1081 4126 csse
1094 4055 1461 4132 consubstantialem,

328 4212 372 4264 ae
396 4212 470 4264 non
493 4188 611 4265 multo
635 4190 720 4290 post
742 4191 904 4289 quatuor
926 4187 1034 4263 libris
1057 4185 1103 4262 ad
1124 4185 1294 4262 eumdem
1312 4185 1462 4264 Pontifi-

329 4347 406 4397 cem
434 4323 558 4398 missis
584 4348 664 4398 sese
689 4322 878 4423 purgavit.
908 4322 990 4397 Hoc
1016 4321 1156 4397 lactum
1179 4319 1290 4420 longe
1311 4317 1462 4397 certissi-

326 4481 429 4535 mum
448 4461 516 4547 est,
533 4482 577 4533 ac
595 4482 667 4534 non
687 4456 800 4534 semel
817 4457 864 4533 ab
881 4455 1089 4568 Athanasio
1106 4452 1259 4531 Arianis
1279 4453 1457 4555 objicitur,
