3132 5140
340 373 399 434 ἥδ
571 385 642 433 mss.
665 383 694 430 v.
717 385 753 431 nn
774 385 915 432 cosmos.
939 383 1020 431 cinos
1040 382 1125 430 sior.
1148 379 1260 429 usnsr.

343 553 422 656 ipse
445 552 597 630 omnino
619 547 801 629 invictum
825 550 1008 654 praedicat
1028 551 1066 625 et
1083 547 1221 651 saepius
1243 546 1403 648 oggerit,
1421 567 1477 646 ap·
1539 603 1540 606 κ

341 692 534 791 parentem
558 687 700 764 scilicet
725 687 929 788 quamdam
955 683 1291 761 contradictionem
1320 681 1419 758 inter
1440 701 1479 766 ea

341 846 426 923 quae
443 821 620 924 leguntur
638 822 677 897 in
691 820 872 924 Cypriani
891 819 1050 923 epistola
1067 818 1121 895 ad.
1133 817 1318 906 Quintum
1335 819 1372 892 et
1389 814 1478 915 ejus-

339 953 422 1031 dem
442 955 599 1058 epistola
616 957 663 1032 ad
683 955 929 1056 Stephanum.
947 954 992 1030 In
1009 953 1126 1055 priori
1144 953 1326 1029 nimirum
1338 949 1479 1027 videtur

270 1072 276 1090 ⁶
340 1091 431 1168 satis
457 1091 652 1194 perspicue
678 1090 892 1193 Cyprianus
910 1086 1092 1190 sugillare
1113 1087 1338 1165 sententiam
1359 1109 1382 1162 a
1407 1083 1479 1160 Ste

338 1225 465 1327 phano
482 1225 583 1302 circa
595 1224 824 1325 baptismum
841 1222 1107 1300 haereticorum
1124 1220 1311 1324 prolatam
1330 1223 1381 1318 (ι),
1400 1241 1478 1320 quae

338 1364 464 1436 tamen
489 1361 672 1437 sententia
694 1365 784 1437 tunc
809 1359 842 1435 ei
868 1358 1037 1436 nondum
1062 1360 1152 1433 nota
1175 1355 1318 1432 censeri
1348 1355 1474 1456 potest,

338 1498 475 1601 quippe
500 1497 565 1600 qui
595 1497 634 1573 in
660 1496 818 1600 epistola
846 1496 893 1573 ad
921 1495 1169 1598 Stephanum,
1198 1518 1311 1596 quam
1335 1491 1476 1594 scripsit

337 1638 424 1711 ante
446 1633 590 1710 celebre
614 1633 805 1711 decretum
824 1634 872 1709 ab
894 1631 965 1708 hoc
990 1630 1175 1709 Pontifice
1192 1629 1348 1742 editum,
1367 1625 1474 1726 signi-

337 1769 421 1845 ficet
444 1791 484 1844 se
507 1766 704 1870 epistolam
725 1771 836 1844 antea
861 1766 908 1844 ad
930 1765 1115 1855 Quintum
1138 1763 1318 1867 scriptam
1340 1763 1373 1838 oi
1394 1762 1472 1838 mit-

335 1905 415 1978 tere
428 1905 478 2001 (a).
497 1901 569 1980 Sed
583 1901 664 1978 heac
685 1901 887 1979 difficultas
900 1901 1011 1979 facile
1023 1900 1184 1990 tollitur,
1200 1900 1232 1976 si
1250 1901 1473 2002 supponatur

336 2037 527 2141 Stephano
547 2039 629 2139 jam
654 2042 766 2114 antea
790 2035 1048 2114 controversia
1074 2033 1191 2111 fuisse
1214 2057 1300 2110 curn
1328 2029 1471 2140 Asianis

337 2171 382 2247 de
413 2171 543 2247 eadem
572 2195 687 2248 causa
708 2201 715 2246 :
737 2169 834 2272 quod
865 2169 958 2247 satis
988 2166 1187 2246 manifeste
1215 2166 1404 2267 colligitur
1430 2186 1471 2238 en

332 2305 457 2383 verbis
475 2305 688 2383 Firmiliani
702 2307 740 2404 (a)
759 2308 796 2382 et
813 2305 852 2381 in
865 2304 940 2382 alio
953 2305 1175 2406 argumento
1193 2302 1240 2378 ab
1254 2299 1315 2378 Ill.
1332 2299 1377 2377 D.
1395 2297 1469 2375 Tin·

332 2442 415 2519 zani
433 2442 533 2520 ultro
550 2441 777 2519 admittitur.

383 2605 423 2690 a.
438 2609 674 2710 Augustinus
691 2632 782 2684 vero
804 2631 1041 2710 nequaquam
1064 2607 1144 2708 ipse
1161 2631 1208 2682 ex
1224 2605 1370 2682 indiciis
1387 2628 1467 2705 sup·

331 2745 526 2848 positionis
543 2743 755 2821 intrinsecis
770 2767 809 2819 se
822 2742 1026 2820 adductum
1043 2741 1231 2843 significat
1250 2741 1297 2816 ad
1319 2738 1466 2817 authen-

330 2879 429 2958 tiam
453 2878 697 2980 epistolarum
727 2877 910 2980 Cypriani
945 2877 984 2953 in
1018 2874 1174 2952 dubium
1209 2871 1479 2958 revocandam,

331 3014 408 3103 sed,
440 3012 537 3115 quod
567 3018 624 3091 est
651 3013 762 3114 longe
796 3011 913 3100 aliud,
945 3036 969 3088 a
1002 3009 1227 3113 quibusdam
1257 3008 1343 3086 aliis
1377 3007 1465 3084 hanc
1539 3061 1540 3076 ,

330 3145 580 3250 suspicionem
601 3144 782 3223 adversus
804 3170 868 3222 eas
890 3148 1032 3222 motam
1057 3169 1151 3233 esse,
1175 3142 1240 3245 qui
1264 3167 1405 3244 nempe,
1427 3143 1466 3214 ut

282 3283 285 3290 “
326 3280 439 3358 vfacile
460 3284 668 3384 supponere
690 3279 791 3368 licet,
812 3278 909 3356 sicut
931 3278 1155 3355 recentiores
1176 3300 1270 3377 quos
1288 3299 1385 3351 nunc
1401 3272 1463 3348 im·

231 3495 234 3502 Ι
328 3437 553 3516 pugnamus,
577 3437 623 3489 ex
645 3411 782 3490 affectu
804 3413 981 3514 quodam,
999 3437 1051 3490 ne
1073 3411 1215 3488 scilicet
1232 3410 1381 3488 macula
1404 3407 1464 3484 illa

328 3662 451 3713 eamdem
462 3661 637 3724 sententiam,
650 3661 704 3713 nisi
717 3673 760 3713 mo
772 3673 880 3712 revoca·
914 3662 955 3712 tre
972 3658 1033 3723 deja
1050 3658 1182 3724 l'opinton
1197 3659 1231 3711 do
1250 3659 1369 3724 cyprian
1385 3657 1463 3710 surlo

327 3753 370 3802 ret
381 3753 457 3803 tauta
469 3751 628 3811 auctoritas,
642 3773 654 3796 n
668 3752 740 3814 etc).
751 3753 775 3802 A
786 3751 815 3802 la
826 3752 882 3802 dis·
916 3752 1042 3815 bapteme
1064 3750 1113 3800 des
1132 3748 1299 3813 horatianos,
1317 3754 1345 3802 et
1364 3749 1401 3800 lui
1420 3749 1460 3798 de·

326 3840 406 3892 tanco
426 3841 461 3890 ou
484 3853 554 3891 nous
573 3853 692 3892 somnies
715 3841 763 3892 des
786 3841 881 3892 eveno·
914 3841 1029 3892 mandor
1049 3838 1212 3893 nesumoins
1235 3841 1283 3892 des
1302 3837 1462 3891 &claircisse-

327 3929 426 3990 ments‚
444 3927 555 3978 atdans
572 3927 706 3980 l'absenca
723 3929 757 3981 do
778 3931 879 3982 ronsai-
916 3933 1005 3980 ments
1017 3929 1174 3994 ulterieurs,
1188 3931 1235 3981 des
1253 3930 1362 3981 raisons
1374 3933 1390 3980 a
1401 3929 1461 3993 l'op-

326 4018 472 4082 gnoments
491 4015 553 4081 plus
573 4015 709 4081 detallles,
730 4017 751 4067 il
771 4033 805 4069 ne
825 4019 884 4070 saut
916 4019 963 4083 pui
980 4019 1014 4068 de
1031 4032 1081 4069 sou
1100 4019 1271 4070 sentiment:
1290 4019 1349 4069 tout
1365 4017 1422 4070 cela
1436 4029 1462 4066 sc

326 4119 375 4170 pas
391 4119 420 4157 se
433 4107 512 4158 hater
527 4107 560 4158 de
575 4108 635 4158 voir
650 4109 762 4173 partout
776 4109 825 4162 des
836 4111 878 4160 in·
913 4107 1030 4160 concilia
1047 4123 1112 4159 sans
1130 4109 1158 4159 lo
1173 4109 1298 4159 moindre
1314 4109 1431 4172 peine...
1450 4129 1460 4142 ·

324 4203 528 4265 consequences
546 4201 574 4253 et
589 4203 638 4253 des
653 4203 878 4256 contradictioni.
946 4203 975 4269 (1)
987 4203 1111 4267 Append.
1125 4217 1188 4269 pag.
1200 4197 1297 4256 iffi·

324 4295 451 4358 Quintus,
470 4295 590 4349 Jubsrsn
607 4299 634 4348 et
651 4295 692 4348 los
711 4299 826 4361 aveques
846 4299 880 4350 de
946 4298 976 4363 (a)
988 4297 1114 4362 Append.
1127 4311 1191 4364 pag.
1204 4291 1240 4350 55
1252 4299 1316 4350 suta
1328 4299 1398 4350 med.

324 4391 453 4445 Numidia
464 4394 612 4457 pouvaient
622 4395 678 4445 tort
688 4393 752 4444 bien
767 4396 877 4446 connat—
943 4397 975 4458 (a)
985 4395 1111 4460 Append.
1125 4407 1188 4461 pag.
1203 4389 1236 4448 ²2
1249 4395 1319 4446 mad.
