3208 5150
335 1081 944 1225 DISSERTATIO
997 1089 1046 1227 l.

127 1389 135 1402 '
217 1425 293 1529 ou
332 1425 534 1528 nouam
571 1427 604 1529 s
642 1427 795 1530 parm
829 1429 1157 1538 uromrnu.

551 1907 840 1966 Pnomumm.

152 2199 192 2275 1.
211 2191 399 2292 Antiqua
411 2191 483 2267 fuit
495 2190 662 2278 traditio,
678 2190 851 2278 Petrum,
867 2194 1064 2291 postquam
1079 2219 1145 2296 per
1158 2219 1268 2297 ange-

97 2331 185 2408 lum
225 2353 249 2404 e
291 2349 442 2402 carcere
479 2329 628 2428 ereptus
662 2325 806 2413 luisset,
844 2323 1118 2428 Hierosolymis
1152 2333 1270 2432 prose

1 2501 2 2562 3
98 2471 229 2552 ctum,
253 2459 495 2562 aliquamdiu
526 2457 798 2536 Antiochenam
831 2457 971 2535 rexisse
994 2459 1202 2554 ecclesiam,
1235 2470 1272 2542 et

98 2598 248 2676 deinde
284 2619 355 2697 per
383 2594 568 2682 Pontum,
596 2593 803 2681 Galatiam,
833 2592 1109 2696 Cappadociam
1140 2603 1177 2675 et
1207 2599 1270 2676 Bi-

98 2731 297 2836 thyniam
319 2729 359 2805 in
384 2729 624 2807 Occidentem
650 2733 943 2829 transgressum,
963 2731 1114 2808 tandem
1136 2735 1271 2813 substi-

98 2873 197 2948 tisse
226 2869 373 2946 Romae
410 2870 447 2943 et
475 2865 642 2942 ecclesiae
668 2865 805 2942 ibidem
835 2866 1048 2944 constitutae
1077 2870 1272 2971 praefuisse

101 3032 231 3108 usque
266 3001 319 3079 ad
350 3000 551 3102 gloriosam
584 3025 727 3090 necem,
759 3025 873 3102 quam
903 3007 1049 3103 martyr
1079 3003 1163 3080 fidei
1189 3031 1271 3107 per-

101 3164 245 3243 pessus
277 3141 338 3212 est
364 3136 513 3212 Nerone
539 3135 778 3238 imperatore.
809 3135 910 3211 Huic
933 3135 1127 3212 traditioni
1151 3140 1272 3240 quoad

100 3274 353 3379 praecipuam
373 3271 453 3372 ejus
471 3274 630 3372 partem,
651 3269 757 3346 Petri
776 3269 918 3345 scilicet
934 3268 973 3344 in
992 3269 1095 3346 Urba
1112 3295 1272 3350 commo-

101 3411 309 3487 rationem
338 3408 375 3480 et
403 3403 680 3506 pontificatum,
713 3403 826 3506 primi
858 3402 1116 3480 contradixere
1146 3406 1271 3484 seculo

100 3545 206 3622 XIII
229 3537 476 3627 waldenses,
497 3541 592 3614 teste
619 3537 803 3626 Monam,
826 3535 929 3612 illius
953 3535 1132 3638 temporis
1159 3538 1273 3642 scrip

101 3687 203 3770 tore,
227 3674 344 3755 nullo
366 3681 490 3752 tamen
508 3673 584 3750 alio
603 3677 824 3774 argumento
846 3671 925 3748 nixi
948 3695 1060 3773 quam
1085 3673 1182 3774 quod
1207 3673 1273 3753 illa

101 3813 241 3892 omnia
276 3833 356 3884 non
385 3811 647 3884 memorantur
671 3807 710 3882 in
740 3806 935 3908 evangelio
965 3809 1021 3905 (1);
1045 3807 1191 3899 deinde,
1217 3833 1271 3886 se-

102 3951 192 4027 culo
208 3943 331 4031 XIV,
349 3941 565 4021 Maresnnus
580 3943 804 4020 Parnvrnus
819 3945 870 4042 (a),
886 3941 1010 4020 seculo
1023 3945 1269 4034 autemXVl,

137 4251 169 4310 (r)
182 4246 330 4298 uros-rra.
345 4238 377 4290 Ο.
391 4237 423 4289 Ρ.
436 4237 504 4290 Ado.
519 4238 686 4292 Catharoset
721 4237 765 4288 sil.
781 4239 851 4288 1522.
872 4237 919 4288 sol.
934 4237 1061 4287 Francos.
1083 4239 1152 4289 lom.
1166 4239 1202 4296 8.)
1219 4239 1270 4304 Ap.

111 4338 285 4388 ll'aldenses
308 4329 416 4393 (Romae
431 4331 500 4382 1743.
514 4330 611 4394 sol.)p.
625 4331 681 4380 411.
718 4329 855 4388 Gonnusr,
876 4328 1020 4380 Monarca.
1041 4327 1068 4377 S.
1091 4326 1125 4380 R.
1146 4327 1170 4380 J.
1192 4335 1210 4380 t.
1233 4331 1269 4381 ll.

138 4437 170 4490 (a)
184 4429 220 4480 ln
238 4437 297 4476 suo
313 4419 447 4479 Defensor
459 4424 534 4482 pacis
553 4421 613 4479 (Ed.
628 4419 680 4470 Ba·
715 4433 741 4482 p.
761 4421 815 4470 157.

1120 4525 1137 4568 a
