<?xml version="1.0" encoding="UTF-8"?>
<!DOCTYPE html PUBLIC "-//W3C//DTD XHTML 1.0 Transitional//EN"
    "http://www.w3.org/TR/xhtml1/DTD/xhtml1-transitional.dtd">
<html xmlns="http://www.w3.org/1999/xhtml" xml:lang="en" lang="en">
 <head>
  <title>
</title>
<meta http-equiv="Content-Type" content="text/html;charset=utf-8" />
  <meta name='ocr-system' content='tesseract 3.04.00' />
  <meta name='ocr-capabilities' content='ocr_page ocr_carea ocr_par ocr_line ocrx_word'/>
</head>
<body>
  <div class='ocr_page' id='page_1' title='image "./dissertationess00smedgoog_0302.png"; bbox 0 0 3154 5134; ppageno 0'>
   <div class='ocr_carea' id='block_1_1' title="bbox 442 433 1232 500">
    <p class='ocr_par' dir='ltr' id='par_1_1' title="bbox 442 433 1232 500">
     <span class='ocr_line' id='line_1_1' title="bbox 442 433 1232 500; baseline 0.003 -2"><span class='ocrx_word' id='word_1_1' title='bbox 442 453 522 499; x_wconf 83' lang='lat' dir='ltr'>conc.</span> <span class='ocrx_word' id='word_1_2' title='bbox 545 450 710 499; x_wconf 71' lang='lat' dir='ltr'>roriconem</span> <span class='ocrx_word' id='word_1_3' title='bbox 732 453 777 498; x_wconf 76' lang='lat' dir='ltr'>lu.</span> <span class='ocrx_word' id='word_1_4' title='bbox 802 433 872 498; x_wconf 72' lang='lat'>969.</span> <span class='ocrx_word' id='word_1_5' title='bbox 1174 437 1232 500; x_wconf 70' lang='lat'>287</span> 
     </span>
    </p>
   </div>
   <div class='ocr_carea' id='block_1_2' title="bbox 57 624 1263 4106">
    <p class='ocr_par' dir='ltr' id='par_1_2' title="bbox 57 624 1263 4106">
     <span class='ocr_line' id='line_1_2' title="bbox 90 624 1231 733; baseline 0.01 -34"><span class='ocrx_word' id='word_1_6' title='bbox 90 624 178 702; x_wconf 91' lang='lat' dir='ltr'>illud</span> <span class='ocrx_word' id='word_1_7' title='bbox 196 628 435 730; x_wconf 87' lang='lat' dir='ltr'>exploratum</span> <span class='ocrx_word' id='word_1_8' title='bbox 455 637 492 707; x_wconf 87' lang='lat' dir='ltr'>et</span> <span class='ocrx_word' id='word_1_9' title='bbox 513 635 747 733; x_wconf 88' lang='lat' dir='ltr'>perspectum</span> <span class='ocrx_word' id='word_1_10' title='bbox 772 631 909 708; x_wconf 90' lang='lat' dir='ltr'>habere</span> <span class='ocrx_word' id='word_1_11' title='bbox 928 655 1041 733; x_wconf 90' lang='lat' dir='ltr'>quam</span> <span class='ocrx_word' id='word_1_12' title='bbox 1059 631 1231 710; x_wconf 92' lang='lat' dir='ltr'>humani-</span> 
     </span>
     <span class='ocr_line' id='line_1_3' title="bbox 88 763 1230 867; baseline 0.007 -31"><span class='ocrx_word' id='word_1_13' title='bbox 88 763 173 838; x_wconf 88' lang='lat' dir='ltr'>tatis</span> <span class='ocrx_word' id='word_1_14' title='bbox 191 789 310 842; x_wconf 90' lang='lat' dir='ltr'>causa</span> <span class='ocrx_word' id='word_1_15' title='bbox 330 791 465 867; x_wconf 79' lang='lat' dir='ltr'>negare</span> <span class='ocrx_word' id='word_1_16' title='bbox 488 766 585 843; x_wconf 92' lang='lat' dir='ltr'>nolle</span> <span class='ocrx_word' id='word_1_17' title='bbox 610 767 820 844; x_wconf 89' lang='lat' dir='ltr'>videantur.</span> <span class='ocrx_word' id='word_1_18' title='bbox 845 767 996 843; x_wconf 86' lang='lat' dir='ltr'><strong>Nemini</strong></span> <span class='ocrx_word' id='word_1_19' title='bbox 1016 792 1106 844; x_wconf 91' lang='lat' dir='ltr'>sane</span> <span class='ocrx_word' id='word_1_20' title='bbox 1125 768 1230 844; x_wconf 89' lang='lat' dir='ltr'>dubi-</span> 
     </span>
     <span class='ocr_line' id='line_1_4' title="bbox 88 872 1230 1003; baseline 0.005 -31"><span class='ocrx_word' id='word_1_21' title='bbox 88 899 164 972; x_wconf 86' lang='lat' dir='ltr'>tare</span> <span class='ocrx_word' id='word_1_22' title='bbox 190 899 249 977; x_wconf 87' lang='lat' dir='ltr'>fas</span> <span class='ocrx_word' id='word_1_23' title='bbox 281 872 338 978; x_wconf 81' lang='lat' dir='ltr'>est</span> <span class='ocrx_word' id='word_1_24' title='bbox 362 902 452 1003; x_wconf 92' lang='lat' dir='ltr'>quin</span> <span class='ocrx_word' id='word_1_25' title='bbox 481 927 550 978; x_wconf 92' lang='lat' dir='ltr'>nec</span> <span class='ocrx_word' id='word_1_26' title='bbox 579 902 825 992; x_wconf 70' lang='lat' dir='ltr'>Athanasius</span> <span class='ocrx_word' id='word_1_27' title='bbox 853 927 920 978; x_wconf 93' lang='lat' dir='ltr'>nec</span> <span class='ocrx_word' id='word_1_28' title='bbox 949 901 1134 990; x_wconf 72' lang='lat' dir='ltr'>Hilarius</span> <span class='ocrx_word' id='word_1_29' title='bbox 1163 927 1230 978; x_wconf 91' lang='lat' dir='ltr'>nec</span> 
     </span>
     <span class='ocr_line' id='line_1_5' title="bbox 88 1028 1231 1138; baseline 0.01 -35"><span class='ocrx_word' id='word_1_30' title='bbox 88 1028 253 1110; x_wconf 83' lang='lat' dir='ltr'>Basilius</span> <span class='ocrx_word' id='word_1_31' title='bbox 264 1034 454 1112; x_wconf 90' lang='lat' dir='ltr'>decretum</span> <span class='ocrx_word' id='word_1_32' title='bbox 464 1036 558 1112; x_wconf 94' lang='lat' dir='ltr'>illud</span> <span class='ocrx_word' id='word_1_33' title='bbox 568 1037 842 1116; x_wconf 81' lang='lat' dir='ltr'>Antiochenam</span> <span class='ocrx_word' id='word_1_34' title='bbox 853 1036 1040 1138; x_wconf 78' lang='lat' dir='ltr'>legissent.</span> <span class='ocrx_word' id='word_1_35' title='bbox 1055 1036 1231 1114; x_wconf 90' lang='lat' dir='ltr'>Declarat</span> 
     </span>
     <span class='ocr_line' id='line_1_6' title="bbox 87 1163 1229 1273; baseline 0.008 -34"><span class='ocrx_word' id='word_1_36' title='bbox 87 1163 317 1246; x_wconf 78' lang='lat' dir='ltr'>Athanasius</span> <span class='ocrx_word' id='word_1_37' title='bbox 340 1171 534 1273; x_wconf 91' lang='lat' dir='ltr'>epistolam</span> <span class='ocrx_word' id='word_1_38' title='bbox 560 1173 701 1273; x_wconf 81' lang='lat' dir='ltr'>Synodi</span> <span class='ocrx_word' id='word_1_39' title='bbox 727 1172 970 1249; x_wconf 78' lang='lat' dir='ltr'>Antiochense</span> <span class='ocrx_word' id='word_1_40' title='bbox 996 1173 1035 1249; x_wconf 93' lang='lat' dir='ltr'>in</span> <span class='ocrx_word' id='word_1_41' title='bbox 1056 1173 1229 1250; x_wconf 90' lang='lat' dir='ltr'>manibus</span> 
     </span>
     <span class='ocr_line' id='line_1_7' title="bbox 87 1299 1226 1398; baseline 0.012 -26"><span class='ocrx_word' id='word_1_42' title='bbox 87 1299 161 1376; x_wconf 87' lang='lat' dir='ltr'>suis</span> <span class='ocrx_word' id='word_1_43' title='bbox 182 1329 260 1380; x_wconf 93' lang='lat' dir='ltr'>non</span> <span class='ocrx_word' id='word_1_44' title='bbox 286 1331 378 1396; x_wconf 89' lang='lat' dir='ltr'>esse,</span> <span class='ocrx_word' id='word_1_45' title='bbox 407 1311 488 1385; x_wconf 90' lang='lat' dir='ltr'>tum</span> <span class='ocrx_word' id='word_1_46' title='bbox 509 1333 594 1385; x_wconf 90' lang='lat' dir='ltr'>cum</span> <span class='ocrx_word' id='word_1_47' title='bbox 615 1309 804 1385; x_wconf 84' lang='lat' dir='ltr'>scriberet.</span> <span class='ocrx_word' id='word_1_48' title='bbox 835 1345 851 1374; x_wconf 69' lang='lat' dir='ltr'><strong><em>a</em></strong></span> <span class='ocrx_word' id='word_1_49' title='bbox 877 1308 1065 1397; x_wconf 82' lang='lat' dir='ltr'>Quoniam</span> <span class='ocrx_word' id='word_1_50' title='bbox 1085 1313 1226 1398; x_wconf 86' lang='lat' dir='ltr'>autem,</span> 
     </span>
     <span class='ocr_line' id='line_1_8' title="bbox 57 1427 1228 1544; baseline 0.015 -40"><span class='ocrx_word' id='word_1_51' title='bbox 57 1427 218 1532; x_wconf 66' lang='lat' dir='ltr'>&#39;inquit</span> <span class='ocrx_word' id='word_1_52' title='bbox 247 1442 291 1514; x_wconf 92' lang='lat' dir='ltr'>ut</span> <span class='ocrx_word' id='word_1_53' title='bbox 316 1439 386 1541; x_wconf 90' lang='lat' dir='ltr'>ipsi</span> <span class='ocrx_word' id='word_1_54' title='bbox 412 1441 542 1519; x_wconf 92' lang='lat' dir='ltr'>dicunt</span> <span class='ocrx_word' id='word_1_55' title='bbox 567 1446 650 1542; x_wconf 69' lang='lat' dir='ltr'>l)...</span> <span class='ocrx_word' id='word_1_56' title='bbox 678 1479 694 1509; x_wconf 67' lang='lat' dir='ltr'><em>n</em></span> <span class='ocrx_word' id='word_1_57' title='bbox 722 1444 930 1544; x_wconf 91' lang='lat' dir='ltr'>Postquam</span> <span class='ocrx_word' id='word_1_58' title='bbox 956 1443 1228 1521; x_wconf 84' lang='lat' dir='ltr'>demonstravit</span> 
     </span>
     <span class='ocr_line' id='line_1_9' title="bbox 87 1575 1226 1680; baseline 0.011 -38"><span class='ocrx_word' id='word_1_59' title='bbox 87 1590 155 1666; x_wconf 92' lang='lat' dir='ltr'>quo</span> <span class='ocrx_word' id='word_1_60' title='bbox 181 1597 295 1651; x_wconf 91' lang='lat' dir='ltr'>sensu</span> <span class='ocrx_word' id='word_1_61' title='bbox 318 1575 354 1652; x_wconf 94' lang='lat' dir='ltr'>id</span> <span class='ocrx_word' id='word_1_62' title='bbox 377 1601 400 1652; x_wconf 91' lang='lat' dir='ltr'>a</span> <span class='ocrx_word' id='word_1_63' title='bbox 421 1578 600 1654; x_wconf 89' lang='lat' dir='ltr'>Patribus</span> <span class='ocrx_word' id='word_1_64' title='bbox 625 1577 870 1654; x_wconf 85' lang='lat' dir='ltr'>Antiochenis</span> <span class='ocrx_word' id='word_1_65' title='bbox 896 1577 1038 1654; x_wconf 90' lang='lat' dir='ltr'>dictum</span> <span class='ocrx_word' id='word_1_66' title='bbox 1063 1583 1226 1680; x_wconf 90' lang='lat' dir='ltr'>putaret,</span> 
     </span>
     <span class='ocr_line' id='line_1_10' title="bbox 87 1699 1228 1816; baseline 0.013 -41"><span class='ocrx_word' id='word_1_67' title='bbox 87 1699 163 1780; x_wconf 84' lang='lat' dir='ltr'>haec</span> <span class='ocrx_word' id='word_1_68' title='bbox 177 1707 285 1785; x_wconf 89' lang='lat' dir='ltr'>addit</span> <span class='ocrx_word' id='word_1_69' title='bbox 303 1715 339 1809; x_wconf 78' lang='lat' dir='ltr'>(a)</span> <span class='ocrx_word' id='word_1_70' title='bbox 358 1743 364 1786; x_wconf 94' lang='lat'>:</span> <span class='ocrx_word' id='word_1_71' title='bbox 390 1747 405 1776; x_wconf 70' lang='lat' dir='ltr'><em>u</em></span> <span class='ocrx_word' id='word_1_72' title='bbox 428 1712 536 1800; x_wconf 87' lang='lat' dir='ltr'>Quod</span> <span class='ocrx_word' id='word_1_73' title='bbox 555 1713 586 1789; x_wconf 92' lang='lat' dir='ltr'>si</span> <span class='ocrx_word' id='word_1_74' title='bbox 605 1713 785 1815; x_wconf 87' lang='lat' dir='ltr'>epistolae,</span> <span class='ocrx_word' id='word_1_75' title='bbox 805 1738 918 1814; x_wconf 91' lang='lat' dir='ltr'>quam</span> <span class='ocrx_word' id='word_1_76' title='bbox 933 1713 1016 1790; x_wconf 91' lang='lat' dir='ltr'>illos</span> <span class='ocrx_word' id='word_1_77' title='bbox 1035 1715 1228 1816; x_wconf 79' lang='lat' dir='ltr'>scripsisse</span> 
     </span>
     <span class='ocr_line' id='line_1_11' title="bbox 89 1835 1225 1949; baseline 0.009 -37"><span class='ocrx_word' id='word_1_78' title='bbox 89 1870 103 1896; x_wconf 61' lang='grc' dir='ltr'><em>π</em></span> <span class='ocrx_word' id='word_1_79' title='bbox 124 1837 314 1933; x_wconf 89' lang='lat' dir='ltr'>dicuntur,</span> <span class='ocrx_word' id='word_1_80' title='bbox 341 1847 434 1923; x_wconf 91' lang='lat' dir='ltr'>mihi</span> <span class='ocrx_word' id='word_1_81' title='bbox 456 1849 564 1949; x_wconf 89' lang='lat' dir='ltr'>copia</span> <span class='ocrx_word' id='word_1_82' title='bbox 585 1848 730 1938; x_wconf 84' lang='lat' dir='ltr'>fuisset,</span> <span class='ocrx_word' id='word_1_83' title='bbox 755 1847 926 1924; x_wconf 86' lang='lat' dir='ltr'>existimo</span> <span class='ocrx_word' id='word_1_84' title='bbox 950 1847 1077 1948; x_wconf 90' lang='lat' dir='ltr'>plures</span> <span class='ocrx_word' id='word_1_85' title='bbox 1098 1835 1225 1948; x_wconf 88' lang='lat' dir='ltr'>depre-</span> 
     </span>
     <span class='ocr_line' id='line_1_12' title="bbox 90 1972 1227 2074; baseline 0.006 -25"><span class='ocrx_word' id='word_1_86' title='bbox 90 2005 103 2032; x_wconf 63' lang='grc' dir='ltr'><em>π</em></span> <span class='ocrx_word' id='word_1_87' title='bbox 125 1972 330 2057; x_wconf 89' lang='lat' dir='ltr'>hensurum</span> <span class='ocrx_word' id='word_1_88' title='bbox 348 2007 407 2059; x_wconf 91' lang='lat' dir='ltr'>me</span> <span class='ocrx_word' id='word_1_89' title='bbox 424 1983 539 2060; x_wconf 88' lang='lat' dir='ltr'>fuisse</span> <span class='ocrx_word' id='word_1_90' title='bbox 556 2009 703 2074; x_wconf 73' lang='lat' dir='ltr'>causas</span> <span class='ocrx_word' id='word_1_91' title='bbox 724 2009 792 2060; x_wconf 91' lang='lat' dir='ltr'>cur</span> <span class='ocrx_word' id='word_1_92' title='bbox 804 1983 901 2060; x_wconf 90' lang='lat' dir='ltr'>beati</span> <span class='ocrx_word' id='word_1_93' title='bbox 921 1981 976 2058; x_wconf 92' lang='lat' dir='ltr'>illi</span> <span class='ocrx_word' id='word_1_94' title='bbox 995 1983 1048 2058; x_wconf 87' lang='lat' dir='ltr'>ita</span> <span class='ocrx_word' id='word_1_95' title='bbox 1066 1981 1227 2058; x_wconf 88' lang='lat' dir='ltr'>scribere</span> 
     </span>
     <span class='ocr_line' id='line_1_13' title="bbox 89 2113 1225 2221; baseline 0.012 -40"><span class='ocrx_word' id='word_1_96' title='bbox 89 2139 104 2166; x_wconf 59' lang='lat' dir='ltr'>a</span> <span class='ocrx_word' id='word_1_97' title='bbox 124 2113 242 2189; x_wconf 90' lang='lat' dir='ltr'>coacti</span> <span class='ocrx_word' id='word_1_98' title='bbox 260 2115 347 2192; x_wconf 89' lang='lat' dir='ltr'>sint.</span> <span class='ocrx_word' id='word_1_99' title='bbox 371 2153 386 2181; x_wconf 65' lang='lat' dir='ltr'>n</span> <span class='ocrx_word' id='word_1_100' title='bbox 410 2118 468 2194; x_wconf 86' lang='lat' dir='ltr'>Ex</span> <span class='ocrx_word' id='word_1_101' title='bbox 486 2118 545 2194; x_wconf 89' lang='lat' dir='ltr'>his</span> <span class='ocrx_word' id='word_1_102' title='bbox 567 2124 669 2221; x_wconf 91' lang='lat' dir='ltr'>patet</span> <span class='ocrx_word' id='word_1_103' title='bbox 689 2119 939 2196; x_wconf 83' lang='lat' dir='ltr'>Athanasium</span> <span class='ocrx_word' id='word_1_104' title='bbox 959 2122 1039 2195; x_wconf 91' lang='lat' dir='ltr'>tum</span> <span class='ocrx_word' id='word_1_105' title='bbox 1062 2118 1225 2220; x_wconf 90' lang='lat' dir='ltr'>primum</span> 
     </span>
     <span class='ocr_line' id='line_1_14' title="bbox 86 2244 1222 2341; baseline 0.012 -26"><span class='ocrx_word' id='word_1_106' title='bbox 86 2244 246 2326; x_wconf 88' lang='lat' dir='ltr'>audiisse</span> <span class='ocrx_word' id='word_1_107' title='bbox 271 2252 316 2328; x_wconf 90' lang='lat' dir='ltr'>de</span> <span class='ocrx_word' id='word_1_108' title='bbox 339 2255 572 2331; x_wconf 85' lang='lat' dir='ltr'>Antiocheno</span> <span class='ocrx_word' id='word_1_109' title='bbox 602 2255 782 2332; x_wconf 87' lang='lat' dir='ltr'>adversus</span> <span class='ocrx_word' id='word_1_110' title='bbox 813 2255 1036 2330; x_wconf 78' lang='lat' dir='ltr'>homousion</span> <span class='ocrx_word' id='word_1_111' title='bbox 1062 2253 1222 2341; x_wconf 88' lang='lat' dir='ltr'>decreto,</span> 
     </span>
     <span class='ocr_line' id='line_1_15' title="bbox 86 2386 1225 2491; baseline 0.01 -38"><span class='ocrx_word' id='word_1_112' title='bbox 86 2386 255 2476; x_wconf 84' lang='lat' dir='ltr'>quamvis</span> <span class='ocrx_word' id='word_1_113' title='bbox 267 2388 347 2488; x_wconf 86' lang='lat' dir='ltr'>jam</span> <span class='ocrx_word' id='word_1_114' title='bbox 362 2393 418 2466; x_wconf 90' lang='lat' dir='ltr'>tot</span> <span class='ocrx_word' id='word_1_115' title='bbox 434 2415 551 2466; x_wconf 89' lang='lat' dir='ltr'>annos</span> <span class='ocrx_word' id='word_1_116' title='bbox 569 2391 639 2466; x_wconf 91' lang='lat' dir='ltr'>hoc</span> <span class='ocrx_word' id='word_1_117' title='bbox 657 2391 742 2466; x_wconf 88' lang='lat' dir='ltr'>fidei</span> <span class='ocrx_word' id='word_1_118' title='bbox 760 2387 1084 2491; x_wconf 80' lang='lat' dir='ltr'>propugnaculum</span> <span class='ocrx_word' id='word_1_119' title='bbox 1103 2389 1225 2464; x_wconf 80' lang='lat' dir='ltr'>delen-</span> 
     </span>
     <span class='ocr_line' id='line_1_16' title="bbox 86 2510 1224 2625; baseline 0.011 -40"><span class='ocrx_word' id='word_1_120' title='bbox 86 2510 261 2598; x_wconf 74' lang='lat' dir='ltr'>deret...;.</span> <span class='ocrx_word' id='word_1_121' title='bbox 286 2569 333 2578; x_wconf 87' lang='lat'><em>-</em></span> <span class='ocrx_word' id='word_1_122' title='bbox 357 2525 486 2625; x_wconf 86' lang='lat' dir='ltr'>Neque</span> <span class='ocrx_word' id='word_1_123' title='bbox 504 2525 617 2602; x_wconf 87' lang='lat' dir='ltr'>etiam</span> <span class='ocrx_word' id='word_1_124' title='bbox 642 2524 813 2601; x_wconf 90' lang='lat' dir='ltr'>Hilarius</span> <span class='ocrx_word' id='word_1_125' title='bbox 831 2527 868 2600; x_wconf 88' lang='lat' dir='ltr'>et</span> <span class='ocrx_word' id='word_1_126' title='bbox 886 2520 1052 2598; x_wconf 88' lang='lat' dir='ltr'>Basilius</span> <span class='ocrx_word' id='word_1_127' title='bbox 1070 2547 1115 2597; x_wconf 91' lang='lat' dir='ltr'>ex</span> <span class='ocrx_word' id='word_1_128' title='bbox 1133 2522 1224 2624; x_wconf 89' lang='lat' dir='ltr'>ipsis</span> 
     </span>
     <span class='ocr_line' id='line_1_17' title="bbox 87 2643 1219 2755; baseline 0.01 -34"><span class='ocrx_word' id='word_1_129' title='bbox 87 2643 223 2746; x_wconf 73' lang='lat' dir='ltr'>Synodi</span> <span class='ocrx_word' id='word_1_130' title='bbox 258 2654 393 2733; x_wconf 88' lang='lat' dir='ltr'>litteris</span> <span class='ocrx_word' id='word_1_131' title='bbox 424 2659 614 2735; x_wconf 91' lang='lat' dir='ltr'>decretum</span> <span class='ocrx_word' id='word_1_132' title='bbox 644 2657 921 2734; x_wconf 83' lang='lat' dir='ltr'>Antiochorum</span> <span class='ocrx_word' id='word_1_133' title='bbox 950 2661 1219 2755; x_wconf 82' lang='lat' dir='ltr'>cognoverunt.</span> 
     </span>
     <span class='ocr_line' id='line_1_18' title="bbox 86 2778 1222 2894; baseline 0.008 -35"><span class='ocrx_word' id='word_1_134' title='bbox 86 2778 137 2858; x_wconf 90' lang='lat' dir='ltr'>De</span> <span class='ocrx_word' id='word_1_135' title='bbox 162 2787 312 2868; x_wconf 88' lang='lat' dir='ltr'>Hilario</span> <span class='ocrx_word' id='word_1_136' title='bbox 331 2793 411 2893; x_wconf 89' lang='lat' dir='ltr'>jam</span> <span class='ocrx_word' id='word_1_137' title='bbox 438 2793 616 2882; x_wconf 89' lang='lat' dir='ltr'>vidimus,</span> <span class='ocrx_word' id='word_1_138' title='bbox 644 2794 708 2894; x_wconf 92' lang='lat' dir='ltr'>qui</span> <span class='ocrx_word' id='word_1_139' title='bbox 732 2817 755 2868; x_wconf 89' lang='lat' dir='ltr'>a</span> <span class='ocrx_word' id='word_1_140' title='bbox 779 2790 1023 2869; x_wconf 89' lang='lat' dir='ltr'>Semiarianis</span> <span class='ocrx_word' id='word_1_141' title='bbox 1049 2789 1222 2892; x_wconf 88' lang='lat' dir='ltr'>deceptus</span> 
     </span>
     <span class='ocr_line' id='line_1_19' title="bbox 86 2914 1222 3006; baseline 0.006 -11"><span class='ocrx_word' id='word_1_142' title='bbox 86 2914 365 3003; x_wconf 86' lang='lat' dir='ltr'>Samosatcnum</span> <span class='ocrx_word' id='word_1_143' title='bbox 399 2929 438 3004; x_wconf 95' lang='lat' dir='ltr'>in</span> <span class='ocrx_word' id='word_1_144' title='bbox 474 2930 603 3006; x_wconf 89' lang='lat' dir='ltr'>eadem</span> <span class='ocrx_word' id='word_1_145' title='bbox 637 2953 680 3004; x_wconf 90' lang='lat' dir='ltr'>ac</span> <span class='ocrx_word' id='word_1_146' title='bbox 711 2926 917 3006; x_wconf 88' lang='lat' dir='ltr'>Sabellium</span> <span class='ocrx_word' id='word_1_147' title='bbox 942 2924 1077 3001; x_wconf 89' lang='lat' dir='ltr'>haeresi</span> <span class='ocrx_word' id='word_1_148' title='bbox 1107 2923 1222 3002; x_wconf 86' lang='lat' dir='ltr'>fuisse</span> 
     </span>
     <span class='ocr_line' id='line_1_20' title="bbox 84 3059 1222 3162; baseline 0.006 -33"><span class='ocrx_word' id='word_1_149' title='bbox 84 3059 197 3149; x_wconf 85' lang='lat' dir='ltr'>putat,</span> <span class='ocrx_word' id='word_1_150' title='bbox 218 3085 305 3136; x_wconf 91' lang='lat' dir='ltr'>cum</span> <span class='ocrx_word' id='word_1_151' title='bbox 318 3063 548 3140; x_wconf 89' lang='lat' dir='ltr'>contrarium</span> <span class='ocrx_word' id='word_1_152' title='bbox 561 3063 617 3138; x_wconf 94' lang='lat' dir='ltr'>illi</span> <span class='ocrx_word' id='word_1_153' title='bbox 631 3086 794 3140; x_wconf 92' lang='lat' dir='ltr'>errorem</span> <span class='ocrx_word' id='word_1_154' title='bbox 808 3062 945 3138; x_wconf 86' lang='lat' dir='ltr'>litterae</span> <span class='ocrx_word' id='word_1_155' title='bbox 961 3059 1103 3162; x_wconf 84' lang='lat' dir='ltr'>Synodi</span> <span class='ocrx_word' id='word_1_156' title='bbox 1117 3061 1222 3137; x_wconf 90' lang='lat' dir='ltr'>attri-</span> 
     </span>
     <span class='ocr_line' id='line_1_21' title="bbox 84 3185 1220 3298; baseline 0.006 -33"><span class='ocrx_word' id='word_1_157' title='bbox 84 3185 206 3273; x_wconf 89' lang='lat' dir='ltr'>buant.</span> <span class='ocrx_word' id='word_1_158' title='bbox 235 3196 399 3274; x_wconf 86' lang='lat' dir='ltr'>Basilius</span> <span class='ocrx_word' id='word_1_159' title='bbox 420 3223 510 3275; x_wconf 87' lang='lat' dir='ltr'>vero</span> <span class='ocrx_word' id='word_1_160' title='bbox 528 3198 582 3274; x_wconf 93' lang='lat' dir='ltr'>sic</span> <span class='ocrx_word' id='word_1_161' title='bbox 599 3196 782 3298; x_wconf 82' lang='lat' dir='ltr'>loquitu&#39;r‚&#39;</span> <span class='ocrx_word' id='word_1_162' title='bbox 799 3200 842 3272; x_wconf 91' lang='lat' dir='ltr'>ut</span> <span class='ocrx_word' id='word_1_163' title='bbox 859 3200 977 3272; x_wconf 92' lang='lat' dir='ltr'>totam</span> <span class='ocrx_word' id='word_1_164' title='bbox 999 3220 1078 3272; x_wconf 87' lang='lat' dir='ltr'>rem</span> <span class='ocrx_word' id='word_1_165' title='bbox 1095 3195 1220 3272; x_wconf 90' lang='lat' dir='ltr'>minus</span> 
     </span>
     <span class='ocr_line' id='line_1_22' title="bbox 85 3330 1220 3432; baseline 0.01 -36"><span class='ocrx_word' id='word_1_166' title='bbox 85 3330 333 3409; x_wconf 88' lang='lat' dir='ltr'>considerasse</span> <span class='ocrx_word' id='word_1_167' title='bbox 362 3335 546 3410; x_wconf 85' lang='lat' dir='ltr'>videatur.</span> <span class='ocrx_word' id='word_1_168' title='bbox 585 3333 684 3409; x_wconf 88' lang='lat' dir='ltr'>Nam</span> <span class='ocrx_word' id='word_1_169' title='bbox 714 3332 760 3408; x_wconf 92' lang='lat' dir='ltr'>iis</span> <span class='ocrx_word' id='word_1_170' title='bbox 791 3331 855 3432; x_wconf 91' lang='lat' dir='ltr'>qui</span> <span class='ocrx_word' id='word_1_171' title='bbox 885 3330 1033 3407; x_wconf 88' lang='lat' dir='ltr'>decreta</span> <span class='ocrx_word' id='word_1_172' title='bbox 1064 3331 1220 3408; x_wconf 85' lang='lat' dir='ltr'>Nioaena</span> 
     </span>
     <span class='ocr_line' id='line_1_23' title="bbox 84 3464 1218 3568; baseline 0.008 -34"><span class='ocrx_word' id='word_1_173' title='bbox 84 3470 231 3568; x_wconf 83' lang='lat' dir='ltr'>excepto</span> <span class='ocrx_word' id='word_1_174' title='bbox 261 3471 579 3546; x_wconf 72' lang='lat' dir='ltr'>consubstantiali</span> <span class='ocrx_word' id='word_1_175' title='bbox 604 3466 868 3568; x_wconf 84' lang='lat' dir='ltr'>suscipiebant,</span> <span class='ocrx_word' id='word_1_176' title='bbox 896 3464 1038 3567; x_wconf 90' lang='lat' dir='ltr'>aliquid</span> <span class='ocrx_word' id='word_1_177' title='bbox 1065 3491 1218 3543; x_wconf 86' lang='lat' dir='ltr'>excusa-</span> 
     </span>
     <span class='ocr_line' id='line_1_24' title="bbox 83 3592 1217 3705; baseline 0.011 -41"><span class='ocrx_word' id='word_1_178' title='bbox 83 3592 187 3677; x_wconf 87' lang='lat' dir='ltr'>tionis</span> <span class='ocrx_word' id='word_1_179' title='bbox 202 3601 374 3679; x_wconf 90' lang='lat' dir='ltr'>rclietum</span> <span class='ocrx_word' id='word_1_180' title='bbox 391 3607 512 3705; x_wconf 89' lang='lat' dir='ltr'>putat,</span> <span class='ocrx_word' id='word_1_181' title='bbox 528 3603 617 3704; x_wconf 90' lang='lat' dir='ltr'>quia</span> <span class='ocrx_word' id='word_1_182' title='bbox 629 3602 726 3679; x_wconf 90' lang='lat' dir='ltr'>hano</span> <span class='ocrx_word' id='word_1_183' title='bbox 741 3625 871 3678; x_wconf 87' lang='lat' dir='ltr'>vocem</span> <span class='ocrx_word' id='word_1_184' title='bbox 889 3604 932 3676; x_wconf 90' lang='lat' dir='ltr'>ut</span> <span class='ocrx_word' id='word_1_185' title='bbox 948 3601 1072 3676; x_wconf 92' lang='lat' dir='ltr'>minus</span> <span class='ocrx_word' id='word_1_186' title='bbox 1090 3605 1217 3702; x_wconf 91' lang='lat' dir='ltr'>aptam</span> 
     </span>
     <span class='ocr_line' id='line_1_25' title="bbox 84 3731 1217 3838; baseline -0.002 -28"><span class='ocrx_word' id='word_1_187' title='bbox 84 3731 116 3802; x_wconf 74' lang='lat' dir='ltr'>el</span> <span class='ocrx_word' id='word_1_188' title='bbox 149 3735 382 3812; x_wconf 90' lang='lat' dir='ltr'>commodam</span> <span class='ocrx_word' id='word_1_189' title='bbox 423 3737 732 3838; x_wconf 88' lang='lat' dir='ltr'>vituperaverant</span> <span class='ocrx_word' id='word_1_190' title='bbox 769 3734 832 3835; x_wconf 93' lang='lat' dir='ltr'>qui</span> <span class='ocrx_word' id='word_1_191' title='bbox 871 3735 911 3809; x_wconf 92' lang='lat' dir='ltr'>in</span> <span class='ocrx_word' id='word_1_192' title='bbox 948 3760 1063 3812; x_wconf 90' lang='lat' dir='ltr'>causa</span> <span class='ocrx_word' id='word_1_193' title='bbox 1103 3733 1217 3810; x_wconf 87' lang='lat' dir='ltr'>Pauli</span> 
     </span>
     <span class='ocr_line' id='line_1_26' title="bbox 84 3859 1215 3970; baseline 0.002 -30"><span class='ocrx_word' id='word_1_194' title='bbox 84 3859 309 3948; x_wconf 82' lang='lat' dir='ltr'>Samosateni</span> <span class='ocrx_word' id='word_1_195' title='bbox 336 3876 597 3948; x_wconf 84' lang='lat' dir='ltr'>convenerant.</span> <span class='ocrx_word' id='word_1_196' title='bbox 627 3909 642 3936; x_wconf 69' lang='grc' dir='ltr'><strong>α</strong></span> <span class='ocrx_word' id='word_1_197' title='bbox 669 3871 833 3956; x_wconf 85' lang='lat' dir='ltr'>Revera,</span> <span class='ocrx_word' id='word_1_198' title='bbox 860 3869 982 3970; x_wconf 90' lang='lat' dir='ltr'>inquit</span> <span class='ocrx_word' id='word_1_199' title='bbox 987 3929 1073 3958; x_wconf 87' lang='lat'><strong>......</strong></span> <span class='ocrx_word' id='word_1_200' title='bbox 1104 3867 1215 3943; x_wconf 86' lang='lat' dir='ltr'>Dixe-</span> 
     </span>
     <span class='ocr_line' id='line_1_27' title="bbox 83 4000 1263 4106; baseline -0.005 -26"><span class='ocrx_word' id='word_1_201' title='bbox 83 4010 222 4083; x_wconf 72' lang='lat' dir='ltr'>runc...</span> <span class='ocrx_word' id='word_1_202' title='bbox 251 4011 339 4106; x_wconf 65' lang='lat' dir='ltr'>nh).</span> <span class='ocrx_word' id='word_1_203' title='bbox 366 4008 487 4084; x_wconf 87' lang='lat' dir='ltr'>Miror</span> <span class='ocrx_word' id='word_1_204' title='bbox 512 4011 660 4084; x_wconf 90' lang='lat' dir='ltr'>tantum</span> <span class='ocrx_word' id='word_1_205' title='bbox 685 4005 810 4081; x_wconf 85' lang='lat' dir='ltr'>virum</span> <span class='ocrx_word' id='word_1_206' title='bbox 832 4027 876 4079; x_wconf 90' lang='lat' dir='ltr'>ea</span> <span class='ocrx_word' id='word_1_207' title='bbox 899 4003 939 4078; x_wconf 90' lang='lat' dir='ltr'>in</span> <span class='ocrx_word' id='word_1_208' title='bbox 963 4000 1215 4077; x_wconf 88' lang='lat' dir='ltr'>Antiochenos</span> <span class='ocrx_word' id='word_1_209' title='bbox 1261 4037 1263 4044; x_wconf 47' lang='lat'><strong><em>⁴</em></strong></span> 
     </span>
    </p>
   </div>
   <div class='ocr_carea' id='block_1_3' title="bbox 109 4331 1127 4499">
    <p class='ocr_par' dir='ltr' id='par_1_3' title="bbox 109 4331 1127 4499">
     <span class='ocr_line' id='line_1_28' title="bbox 110 4331 1127 4430; baseline -0.017 -22"><span class='ocrx_word' id='word_1_210' title='bbox 110 4339 478 4412; x_wconf 61' lang='lat' dir='ltr'>(olitorium-maffi-</span> <span class='ocrx_word' id='word_1_211' title='bbox 694 4349 932 4414; x_wconf 77' lang='lat' dir='ltr'>(aVid.Appenn.</span> <span class='ocrx_word' id='word_1_212' title='bbox 947 4331 1069 4412; x_wconf 43' lang='grc' dir='ltr'>ΝΘΕ.</span> <span class='ocrx_word' id='word_1_213' title='bbox 1123 4421 1127 4430; x_wconf 28' lang='lat'>¹</span> 
     </span>
     <span class='ocr_line' id='line_1_29' title="bbox 109 4435 436 4499; baseline -0.012 -7"><span class='ocrx_word' id='word_1_214' title='bbox 109 4435 210 4499; x_wconf 77' lang='lat' dir='ltr'>l²lL0c.</span> <span class='ocrx_word' id='word_1_215' title='bbox 223 4437 269 4488; x_wconf 90' lang='lat' dir='ltr'>cit.</span> <span class='ocrx_word' id='word_1_216' title='bbox 285 4450 312 4486; x_wconf 92' lang='lat' dir='ltr'>n.</span> <span class='ocrx_word' id='word_1_217' title='bbox 326 4437 358 4486; x_wconf 79' lang='grc'>47</span> <span class='ocrx_word' id='word_1_218' title='bbox 370 4439 436 4488; x_wconf 81' lang='lat' dir='ltr'>extr.</span> 
     </span>
    </p>
   </div>
   <div class='ocr_carea' id='block_1_4' title="bbox 0 0 1582 5134">
    <p class='ocr_par' dir='ltr' id='par_1_4' title="bbox 0 0 1582 5134">
     <span class='ocr_line' id='line_1_30' title="bbox 0 0 1582 5134; baseline 0 2"><span class='ocrx_word' id='word_1_219' title='bbox 0 0 1582 5134; x_wconf 95' lang='lat' dir='ltr'> </span> 
     </span>
    </p>
   </div>
  </div>
 </body>
</html>
