3132 5140
252 521 373 568 rhoean.
397 521 425 565 ll.
449 519 613 566 fflsroulcus
634 519 850 566 CONTROVERSlAE
871 519 1054 564 consuamus
1173 505 1231 565 255

86 714 100 740 ε
124 678 311 780 reciperet
336 713 352 743 n
377 680 428 776 (ι),
448 701 573 754 aorem
590 701 679 753 vcro
698 678 745 754 ad
773 677 1009 780 Cyprianum
1036 677 1232 778 epistolam

82 815 237 918 scripsit
260 840 335 918 qua
358 814 450 892 illud
476 815 626 891 omnino
653 814 881 917 improbavit
903 817 1016 915 atque
1039 813 1231 890 observari

84 949 208 1026 vetuit
226 953 277 1048 (2).

136 1115 174 1198 3.
202 1095 316 1197 Forte
342 1121 544 1223 quidquam
567 1122 646 1222 jam
673 1124 830 1197 noverat
856 1119 1070 1222 Cyprianus
1100 1119 1145 1194 de
1179 1117 1234 1194 in·

87 1252 192 1330 lonso
218 1254 399 1358 Stephani
421 1256 546 1332 animo
573 1256 691 1357 deque
716 1257 797 1356 ejus
824 1255 967 1332 ratione
990 1253 1124 1355 agendi
1147 1277 1234 1330 cum

88 1386 274 1490 episeopis
308 1388 455 1490 legatis,
487 1390 551 1466 ubi
586 1389 782 1491 epistolam
818 1389 967 1492 scripsit
1002 1389 1047 1465 ad
1082 1387 1235 1466 lubaia

88 1547 180 1598 num
206 1528 256 1622 (al.
284 1523 395 1602 Certe
420 1525 500 1602 haec
525 1523 638 1628 paulo
660 1524 939 1602 commotionem
964 1523 1133 1600 animum
1157 1547 1234 1600 ma

89 1657 242 1736 nifestat
272 1685 385 1761 quam
415 1659 663 1762 praecedentes
693 1664 729 1736 et
759 1658 902 1736 ultimis
932 1657 1056 1733 verbis
1087 1660 1124 1756 (4)
1159 1681 1234 1733 non

89 1778 246 1871 obscure
264 1794 414 1872 videtur
432 1796 664 1897 Stephanum
684 1819 848 1896 carpere.
871 1795 915 1871 ln
935 1793 1063 1870 eadem
1083 1795 1119 1891 (a)
1139 1792 1233 1869 indi-

88 1931 149 2003 cat
167 1929 372 2006 alteruma
397 1955 436 2006 se
461 1930 660 2007 concilium
684 1930 943 2032 episcoporum
966 1934 1008 2003 71
1030 1925 1235 2028 provinciae

90 2061 229 2140 dlrieae
248 2068 286 2141 et
305 2065 775 2166 Numidiaecongregatum
793 2068 830 2140 et
843 2063 881 2139 in
895 2089 938 2140 eo
956 2060 1092 2164 prioris
1110 2061 1234 2136 deere-

90 2196 171 2271 tum
189 2198 362 2274 unanimi
376 2225 557 2277 consensu
575 2201 837 2278 confirmatum
855 2224 946 2276 esse.

93 2445 99 2455 .
142 2368 181 2452 4.
208 2375 373 2453 Omnino
404 2383 529 2455 autem
559 2379 701 2456 exarsit
730 2380 810 2482 ejus
841 2379 989 2455 animus
1019 2376 1082 2452 ubi
1112 2376 1234 2477 ipsam

93 2502 276 2607 Stephani
295 2509 489 2611 epistolam
508 2511 663 2613 accepit.
684 2511 877 2587 Adversus
895 2534 1008 2611 quam
1026 2507 1154 2586 statim
1171 2532 1233 2583 ve-

93 2638 302 2720 hementem
323 2645 615 2723 confutationem
641 2646 791 2748 scripsit
808 2643 988 2746 Pompeio
1007 2647 1044 2740 (o)
1062 2641 1234 2743 episcopo
1302 2706 1317 2732 ,

93 2773 308 2855 Sabratensi
335 2780 373 2855 in
395 2781 588 2883 provincia
615 2780 850 2882 Tripolitana
872 2783 922 2878 (a).
954 2775 1134 2878 Stephani
1157 2775 1232 2876 epi-

91 2911 224 2988 stolam
250 2939 336 2990 eum
362 2915 496 2993 litteris
521 2917 599 2992 suis
625 2915 728 2992 misit
753 2913 866 2991 etiam
892 2913 938 2990 ad
966 2909 1233 2988 Firmilianum

93 3041 274 3123 Caesareae
289 3047 534 3151 Cappadociae
553 3050 780 3152 episcopum,
797 3073 908 3149 quem
928 3046 1093 3150 profecto
1108 3070 1234 3121 secum

93 3181 382 3258 consentientem
400 3190 567 3262 noverat.
590 3186 664 3273 Qui
682 3184 868 3288 prolixam
886 3188 923 3260 et
939 3181 1083 3260 acerbis
1102 3187 1234 3258 contra

92 3311 322 3416 Stephanum
340 3318 479 3396 aculeis
502 3319 678 3397 refertam
695 3318 895 3421 epistolam
914 3321 954 3416 (a)
973 3315 1007 3392 ei
1026 3313 1230 3416 rescripsit.

141 3487 178 3572 5·
196 3494 319 3571 Porro
338 3495 550 3598 Cyprianus
568 3499 722 3575 tertium
737 3496 949 3575 Concilium
964 3495 1234 3595 Carthaginem

93 3629 310 3706 convocavit
330 3631 588 3736 episcoporum
612 3640 661 3710 87
687 3660 732 3710 ex
755 3633 959 3737 provinciis
985 3631 1128 3720 Africa,
1155 3633 1233 3708 Nu·
1303 3723 1312 3736 .

122 3881 152 3942 (ι)
173 3881 277 3935 FIrmil.
299 3885 386 3950 Epist.
405 3901 431 3938 n.
455 3889 487 3939 25
504 3889 638 3954 (slppend.
707 3893 738 3952 (sl
754 3889 877 3954 hppeud.
892 3902 953 3953 pag.
967 3883 1013 3940 55.

94 3989 153 4042 pag.
173 3977 205 4032 72
218 3982 313 4038 mell-
332 4011 364 4018 —
387 3985 481 4047 Aliqui
499 3987 592 4036 tumen
614 3987 640 4035 id
706 3988 735 4049 (l)
748 3986 872 4050 Append.
886 3999 950 4049 pag.
963 3979 1003 4036 66
1014 3985 1051 4046 (n.
1065 3985 1116 4047 26).

94 4079 212 4128 referunt
237 4080 271 4129 ad
297 4080 464 4145 legationem
490 4095 551 4144 quae
575 4085 645 4134 Acta
710 4083 740 4146 (a)
751 4083 876 4147 Append.
890 4096 952 4148 pag.
962 4079 1047 4140 turn.
1063 4081 1094 4142 l).

95 4173 206 4224 Consilii
223 4174 448 4240 Carthagineneis
466 4175 495 4226 in
515 4191 547 4228 aa
559 4191 643 4228 eausa
708 4179 737 4242 (a)
749 4179 873 4242 Append.
888 4191 950 4243 pag.
965 4173 1014 4230 66.

96 4262 134 4312 lll
146 4265 188 4326 (de
203 4279 256 4327 quo
270 4265 352 4330 paulo
364 4265 479 4318 interius
492 4267 525 4318 N.
544 4267 639 4326 51Ro-
707 4267 739 4332 (τ)
752 4267 804 4327 Qui
824 4267 930 4318 scilicet
950 4269 1001 4316 hoe
1023 4266 1104 4317 titulo
1122 4264 1235 4331 insigni-

97 4367 165 4404 mam
177 4356 317 4408 detulerit.
680 4362 724 4410 tus
737 4359 853 4409 habetur
865 4359 892 4407 in
905 4357 974 4408 actis
991 4357 1107 4408 Consilii
1120 4355 1233 4408 Cartha·

126 4447 153 4508 hl
177 4449 257 4513 Cypr.
283 4449 370 4512 Epist.
398 4451 432 4501 ad
457 4451 553 4516 Pomp.
579 4465 605 4502 n.
632 4453 644 4501 l
679 4450 803 4516 ginensls
817 4448 869 4510 111,
882 4449 916 4498 de
929 4461 983 4510 quo
996 4449 1078 4499 Num.
1093 4461 1150 4510 seq.

100 4543 229 4609 (Append.
241 4558 304 4609 pag.
319 4539 375 4605 66).
716 4546 745 4610 (a)
757 4545 882 4610 Append.
896 4557 958 4608 pag.
972 4537 1021 4593 66.
