3132 5140
325 428 384 488 178
561 439 631 486 urss.
655 441 695 486 ιιι.
719 439 755 485 ur
775 439 901 486 aunone
922 438 1223 486 rnreosornouurnon.

326 619 539 710 Callistum,
563 619 674 722 idque
694 619 910 697 confirmari
933 621 1056 721 potest
1078 642 1125 693 ex
1148 617 1230 720 ipso
1252 615 1335 694 loco
1363 641 1474 718 quem

324 757 416 835 cibat
433 755 568 835 Oruice
585 780 631 832 ex
648 756 729 856 ejus
746 753 853 831 libris
870 743 1003 832 contra
1020 751 1266 830 Marcionem.

375 961 434 1046 12.
458 969 498 1040 3⁰
522 960 778 1041 Tertullianus
804 983 984 1061 magnum
1009 959 1173 1059 rigorem
1198 958 1394 1061 professus
1421 959 1475 1032 est

323 1097 446 1200 quoad
470 1095 705 1199 disciplinam
728 1095 831 1171 circa
852 1093 1086 1195 poenItentes
1112 1093 1162 1169 Et
1183 1093 1382 1194 speciatim
1407 1091 1471 1167 lib.

322 1239 368 1309 de
391 1233 588 1310 Pudicitia
612 1231 652 1307 in
677 1229 867 1305 irridendo
892 1231 930 1304 et
955 1227 1214 1329 exprobrando
1239 1227 1406 1314 decretu,
1434 1234 1474 1300 ut

323 1368 485 1457 videtur,
511 1365 711 1469 zephyrini
731 1367 768 1464 (1)
789 1395 796 1440 :
820 1363 980 1440 «Audio
1004 1364 1082 1462 (ait)
1106 1363 1268 1440 edictum
1290 1388 1374 1439 mse
1392 1387 1475 1464 pro-

233 1487 236 1493 *
325 1537 342 1568 n
363 1501 540 1604 positum,
560 1504 597 1576 et
619 1498 769 1602 quidem
785 1497 1079 1600 peremptorium
1101 1528 1108 1573 :
1130 1499 1307 1575 Pontifex
1325 1497 1474 1576 scilicet

325 1671 341 1703 n
363 1633 569 1724 Maximus,
589 1633 687 1736 quod
711 1637 768 1709 ast
791 1632 1000 1735 Episcopus
1019 1632 1305 1735 Episcoporum,
1324 1632 1441 1710 edicit
1462 1661 1468 1706 :

324 1804 341 1835 n
362 1767 444 1869 Ego
474 1771 511 1845 et
535 1765 706 1843 moechiae
735 1771 773 1844 et
802 1767 1060 1846 fornicationis
1087 1767 1223 1846 delicta
1248 1767 1472 1871 poenitentia

324 1901 500 1978 »functis
523 1900 670 1978 dimitto
695 1936 711 1967 n
740 1903 790 2000 (a).
818 1902 906 1978 dam
927 1927 1018 1979 vero
1048 1901 1182 1978 similis
1209 1902 1320 2005 plane
1344 1926 1470 2004 repre-

320 2036 450 2114 hensio
468 2036 647 2114 adversus
666 2035 867 2114 Callistum
888 2037 1075 2140 reperitur
1091 2039 1236 2115 Philus.
1258 2037 1326 2114 IX.
1352 2043 1398 2114 12
1416 2039 1464 2134 (a).

369 2195 419 2272 a.
447 2193 531 2271 Hoc
553 2197 820 2295 argumentum
847 2193 978 2296 utique
1006 2219 1076 2272 sua
1096 2196 1136 2272 vi
1159 2222 1235 2292 non
1259 2200 1377 2284 caret,
1403 2189 1465 2270 sed

319 2352 395 2404 uon
420 2330 477 2403 est
502 2325 689 2403 sufficiens
714 2324 762 2402 ad
792 2326 1024 2426 probandam
1050 2329 1273 2405 sententiam
1298 2325 1466 2430 proposi·

318 2468 411 2551 tam,
429 2461 685 2538 deficientibus
703 2460 788 2537 aliis
814 2461 1048 2561 argumentis
1066 2467 1103 2539 et
1120 2461 1331 2564 praesertim
1348 2465 1407 2539 tot
1423 2483 1465 2535 ac

317 2599 398 2672 Iam
413 2594 551 2672 validis
569 2593 814 2672 obstantibus

368 2783 428 2866 13.
453 2793 492 2864 4⁰
516 2787 659 2863 Auctor
684 2787 826 2862 Philon.
858 2783 966 2860 VIII.
1000 2789 1044 2861 19
1071 2789 1108 2884 (r)
1138 2784 1249 2863 valde
1274 2787 1463 2864 moderate

317 2920 485 3022 loquitur
501 2920 547 2997 de
564 2917 743 2995 doctrinis
761 2918 1096 3008 Montanistarum,
1116 2924 1153 2996 et
1178 2920 1329 3022 quidem
1350 2920 1407 2998 ita
1423 2919 1463 2992 ut

316 3055 491 3131 videatur
519 3053 685 3130 indicare
716 3053 890 3136 Montani
928 3053 1091 3130 asseclas
1123 3053 1208 3130 iude
1247 3055 1287 3130 in
1317 3074 1461 3130 errores

316 3190 453 3266 abiisse
476 3189 565 3291 quia
589 3189 669 3290 ejus
690 3189 807 3266 libros
824 3215 899 3266 non
918 3191 1010 3267 satis
1027 3189 1294 3270 intellexerunt
1310 3195 1362 3290 (a).

366 3348 415 3426 R.
436 3379 474 3428 a.
493 3348 576 3425 Hoc
592 3323 675 3424 loco
692 3351 729 3423 et
745 3347 795 3422 X.
816 3351 865 3424 25
882 3351 937 3446 (a),
958 3346 1049 3425 satis
1068 3347 1232 3450 explicat
1248 3353 1382 3425 auctor
1400 3367 1459 3420 no·

315 3485 392 3560 ster
408 3504 582 3582 quaenam
599 3480 639 3556 in
665 3481 986 3559 Montauistarum
1008 3482 1115 3560 libris
1141 3483 1340 3561 videantur
1365 3483 1459 3558 recte

346 3809 866 3870 (nGl.unR0ssr(BuIIeitinoan.1866,
901 3815 1114 3876 sopboumenon,
1129 3815 1177 3879 qui
1189 3817 1264 3867 certe
1275 3816 1456 3882 zephyrinum

312 3914 339 3966 p.
353 3901 461 3962 aarum
471 3913 525 3950 uon
537 3902 754 3954 dubilatlibrum
765 3905 798 3953 de
810 3902 866 3954 Pu·
900 3917 1014 3969 carpere
1028 3919 1083 3956 non
1096 3905 1244 3965 omlsisset,
1257 3905 1281 3956 si
1300 3907 1328 3956 et
1340 3906 1399 3972 ipse
1410 3899 1455 3952 ali·

311 3994 403 4042 diaria
430 4005 447 4042 a
479 3992 651 4046 Tertulliano
678 3996 867 4060 conscriptum
901 3996 966 4060 quid
981 3997 1139 4062 hujusmodi
1151 3999 1324 4049 attentasset.

311 4095 372 4133 esse
390 4080 534 4133 occasione
552 4083 656 4135 decreti·
675 4083 793 4149 Callisti,
812 4099 868 4136 non
935 4085 964 4148 (a)
973 4085 1005 4137 P.
1017 4085 1048 4136 L.
1060 4089 1079 4137 t.
1094 4085 1167 4152 ll.p.
1181 4087 1238 4138 980.

310 4175 467 4241 zephyrini,
486 4187 547 4238 quae
564 4178 720 4247 communis
731 4181 791 4231 erat
803 4181 866 4231 hac·
933 4183 963 4246 (a)
982 4183 1107 4246 append,
1121 4197 1183 4249 pag.
1196 4179 1244 4236 49.

310 4267 390 4318 tenus
402 4265 504 4331 opinio.
517 4267 542 4318 Α
557 4267 671 4321 Callisto
683 4270 767 4331 enim,
780 4285 865 4323 nona
932 4273 962 4338 (ι)
975 4273 1007 4323 Ρ.
1021 4273 1052 4324 G.
1074 4275 1093 4324 t.
1107 4273 1181 4326 XVI.
1195 4276 1266 4340 part.
1285 4287 1322 4327 ιιι.
1343 4289 1370 4343 p.
1386 4273 1452 4328 3365.

309 4353 475 4420 zephyrino,
487 4353 558 4406 illud
570 4345 711 4410 decreium
723 4359 867 4412 conditum
935 4361 966 4426 p)
978 4361 1090 4424 cnurce,
1103 4377 1129 4429 p.
1143 4365 1198 4416 124.

309 4459 370 4499 esse
381 4447 441 4509 jam
453 4445 578 4498 norimus
594 4460 627 4498 ex
644 4452 757 4502 auctore
769 4449 864 4501 Philo·
934 4454 966 4516 (ι)
978 4453 1011 4504 Ρ.
1024 4453 1056 4505 G.
1069 4455 1091 4507 t.
1104 4453 1176 4507 xvl.
1190 4471 1217 4523 p.
1230 4457 1303 4509 3439.
