3170 5134
355 421 410 480 idid
580 437 652 482 mss,
674 438 714 484 ΙΙΙ.
738 441 773 486 DE
794 439 921 486 ldmona
942 442 1233 488 ruluosorilot'lraltot

353 600 557 678 auctoritas
574 602 788 682 traditionis
806 607 998 709 popularis
1016 612 1054 684 et
1069 609 1253 686 Actorum
1270 610 1494 712 apocrypho

354 761 438 812 rum
470 738 509 816 S.
544 742 753 820 Laurentii.
782 789 830 855 .-
866 745 1001 834 Porro,
1034 743 1174 822 omissa
1204 744 1271 822 illa
1298 745 1494 822 traditione

354 872 527 974 populari
546 874 591 952 de
616 876 822 981 Hippolyto
847 881 893 957 ab
911 878 1102 958 indomitis
1119 881 1225 982 equis
1243 882 1426 984 discerpto
1443 883 1454 978 t
1469 883 1492 974 l,

354 1121 512 1184 quaestionis
521 1122 635 1187 scilicet,
646 1126 676 1176 ut
688 1124 866 1190 adigerentur
874 1125 908 1176 ed
941 1127 1047 1192 digium
1058 1125 1207 1190 aliquande
1220 1143 1249 1179 ra
1261 1143 1325 1180 vera
1335 1126 1493 1191 contigisse.

307 1269 310 1278 ¹
352 1210 502 1262 tradendos
511 1226 605 1264 sacros
616 1213 702 1266 libros
711 1213 753 1264 vel
766 1215 910 1268 thesauros
943 1217 1022 1269 Certe
1034 1217 1103 1268 illud
1115 1231 1149 1269 ex
1162 1217 1297 1272 relatione
1309 1219 1419 1272 testium
1431 1229 1490 1268 ocu-

352 1298 485 1362 ecclesiac.
498 1302 541 1364 rel
556 1304 590 1353 ad
608 1303 663 1354 alia
678 1303 788 1356 similia.
803 1305 906 1357 Praeta-
939 1305 1061 1359 latorum
1072 1307 1242 1360 describitur
1258 1309 1286 1360 in
1299 1309 1374 1362 Actis
1386 1304 1494 1358 indubie

354 1403 402 1441 rea
418 1393 541 1454 quaedam
558 1393 704 1460 supplicia,
717 1397 747 1446 ut
762 1411 786 1445 v.
800 1411 826 1461 g.
845 1411 907 1448 cru·
941 1399 1108 1451 authenticis
1133 1399 1160 1451 S.
1186 1401 1332 1467 Polycarpi
1358 1401 1425 1464 Cap.
1457 1397 1491 1447 ts.

295 1535 297 1540 ,
353 1485 519 1548 bitrionem,
537 1489 692 1554 praecedere
707 1489 813 1542 solebat
828 1493 906 1544 atrox
941 1493 972 1544 P.
986 1493 1017 1544 G.
1032 1495 1052 1543 t.
1065 1492 1097 1544 V.
1109 1495 1311 1559 proila-b.
1323 1493 1492 1559 Frequentio-

354 1575 502 1641 flagellatio
520 1579 563 1630 rel
580 1579 664 1630 etiem
682 1581 839 1644 hujusmodi
858 1581 906 1632 tie·
941 1581 1011 1632 sime
1031 1582 1097 1633 item
1118 1585 1240 1634 occurrit
1259 1584 1374 1651 legende
1393 1583 1446 1633 ista
1462 1579 1492 1628 de

353 1664 466 1730 gallatio
493 1666 706 1729 decernebatur,
732 1683 787 1720 nen
815 1670 907 1722 tamen
941 1684 996 1734 qua
1020 1671 1217 1723 Huascuesrus
1240 1673 1312 1733 (Act.
1336 1671 1382 1724 SS.
1407 1673 1426 1721 t.
1449 1667 1492 1717 VI.

354 1756 433 1818 quasi
455 1755 483 1808 in
505 1771 614 1822 poenam
637 1759 792 1825 capitalem.
812 1759 844 1810 In
864 1760 907 1811 hia
941 1761 1008 1812 Maii
1020 1776 1046 1826 p.
1061 1762 1120 1824 38l:
1136 1759 1493 1838 “Recepteieitlsemelper

354 1846 906 1914 omnibusautemseaperitededciebant.
942 1849 1061 1902 Gelliam
1084 1849 1174 1916 limo,
1197 1853 1228 1903 ut
1256 1853 1330 1903 recta
1356 1845 1492 1912 subjungit

388 1940 418 1997 (ι)
435 1939 498 1990 Non
515 1939 706 2005 improbabilis
718 1940 827 1992 ridetur
844 1955 908 1992 con·
944 1941 1121 2001 Graecumue
1143 1941 1202 1992 Act.
1227 1940 1274 1994 SS.
1299 1940 1395 2004 herpes,
1419 1939 1437 1988 l.
1458 1935 1490 1986 ll.

351 2026 461 2088 lecture
476 2027 647 2092 Deseruere,
663 2029 836 2082 occasionem
856 2031 909 2080 sci·
945 2045 971 2096 p.
989 2032 1047 2093 212,
1063 2033 1091 2082 et
1107 2045 1158 2096 per
1173 2029 1301 2098 Belgium
1317 2030 1437 2092 aliasque
1451 2037 1489 2076 re·

355 2119 420 2172 licet
432 2122 520 2173 errori
533 2122 660 2188 populari
671 2123 763 2174 datam
781 2123 866 2174 fuisse
877 2137 911 2174 ex
943 2123 1051 2190 gionesl
1061 2124 1424 2184 consuetudinaomncexcos
1436 2131 1491 2169 san·

355 2211 450 2262 tabula
470 2213 593 2276 antiqua,
610 2213 658 2264 ubi
676 2227 752 2265 mors
774 2212 913 2279 Hippolyti
946 2215 1006 2264 ctos
1022 2215 1069 2277 qui
1088 2214 1177 2279 capite
1197 2214 1295 2265 minuti
1314 2209 1490 2264 credebantur

354 2298 430 2350 illius
442 2301 541 2353 Thesei
554 2302 605 2353 tilii
617 2317 748 2368 expresse
759 2304 828 2365 arat,
838 2317 909 2366 quae·
942 2303 1113 2368 auprimcndi
1125 2305 1155 2354 iu
1166 2304 1266 2354 statuis
1278 2302 1422 2369 picturisre
1433 2309 1490 2350 cum

352 2403 406 2454 que
418 2405 473 2442 non
484 2393 582 2456 procul
594 2393 714 2458 scrypta
726 2407 799 2458 repar
807 2395 836 2444 le
846 2405 905 2457 sup·
941 2392 1134 2458 eodemcapite
1144 2393 1217 2444 intra
1225 2407 1322 2443 manus
1331 2391 1392 2443 anta
1402 2389 1489 2455 pectus

353 2481 467 2548 plicium
491 2483 635 2550 Hippolyti
656 2483 784 2549 martyris
807 2497 907 2549 reprae-
942 2483 1489 2549 sublato,invatuitpopulariserror‚nuo

353 2575 463 2625 eantare
475 2577 570 2641 putata
581 2576 625 2627 sit.
636 2603 669 2613 -·
680 2575 716 2627 Et
727 2575 838 2639 quidem
853 2588 908 2625 non
941 2574 1040 2625 crediti
1059 2575 1125 2626 sunt
1147 2573 1189 2624 illi
1212 2572 1305 2624 decise
1324 2570 1413 2636 capita
1434 2569 1488 2632 post

352 2677 447 2728 paucae
459 2666 580 2730 proiecto
598 2665 760 2717 traditiones
777 2666 852 2717 circa
863 2665 905 2716 hi·
940 2666 1057 2718 mertem
1069 2665 1214 2717 sustulisse
1234 2667 1262 2716 at
1278 2663 1312 2716 ad
1333 2663 1422 2716 locum
1438 2671 1488 2708 sure

353 2753 453 2805 storias
469 2754 631 2806 Sanctorum
648 2755 784 2821 originem
800 2756 904 2806 habue-
938 2755 1107 2807 venerationi
1142 2754 1263 2804 dicatum
1292 2752 1485 2818 deportasse...-

352 2844 419 2893 runt
428 2857 462 2894 ex
473 2847 642 2909 praepostera
657 2847 683 2896 et
696 2845 778 2895 nimie
790 2844 851 2896 rudi
864 2844 905 2894 in·
942 2844 1040 2896 Modus
1052 2846 1143 2894 eutem
1157 2843 1196 2893 sic
1213 2841 1345 2908 pingendi
1361 2839 1487 2902 martyres

351 2933 903 2999 terpretatiouequarumdemimaginum.
939 2932 1042 2984 collum
1064 2935 1163 2991 sactes,
1188 2932 1217 2982 in
1240 2930 1345 2996 optima
1367 2927 1488 2979 tundetur

353 3027 398 3080 Sic
410 3043 433 3080 v.
447 3042 475 3094 g.
486 3038 522 3082 a·
533 3031 768 3095 Frequentissime
786 3031 905 3082 occurrit
939 3029 1047 3083 ratione
1057 3048 1063 3078 :
1073 3043 1128 3094 qua
1139 3030 1230 3079 motus
1242 3027 1400 3079 Sinnaces
1408 3023 1485 3083 Otry-

351 3119 381 3170 in
400 3120 435 3171 iis
457 3120 591 3184 historiis,
614 3122 734 3173 animam
757 3121 851 3173 Sancti
871 3134 905 3172 cx
938 3122 1077 3172 sostomus
1089 3117 1169 3170 Hem.
1184 3119 1216 3170 ⁴0
1228 3117 1256 3168 iu
1275 3115 1322 3168 SS.
1338 3111 1486 3167 durantium

352 3212 411 3275 ejus
430 3225 547 3279 corpore
565 3212 699 3265 columbae
719 3212 811 3278 specie
829 3225 906 3278 egre-
941 3213 968 3262 et
980 3210 1142 3274 Maximum,
1155 3211 1187 3260 ·25
1198 3207 1430 3272 ‹ianuariipessoe
1441 3201 1487 3252 dn·

352 3302 472 3356 dientem
491 3307 578 3357 visam
598 3318 668 3357 esse.
687 3305 718 3356 ld
739 3306 857 3357 retertur
874 3306 909 3357 de
941 3304 1051 3356 tiochiae
1064 3320 1071 3354 :
1086 3303 1160 3355 Sierd
1178 3305 1277 3354 milites
1293 3302 1361 3366 (ait),
1382 3299 1487 3351 onlnem

351 3391 379 3444 S.
414 3393 524 3444 Eulalia
555 3395 713 3454 (Pauorem
750 3393 904 3458 Peristeph.
940 3397 1080 3458 tnpraelte's
1092 3395 1485 3457 sibitnllicturepimonstrerr·

353 3480 453 3547 Hymn.
477 3485 501 3534 3.
524 3498 547 3534 v.
569 3485 624 3536 161.
648 3512 680 3522 —
701 3484 731 3535 P.
754 3484 785 3536 L.
804 3486 824 3537 t.
849 3485 907 3537 Lx.
942 3487 1119 3548 tonstriculae·
1136 3487 1297 3548 horrentur,
1315 3482 1487 3540 decretaliter

352 3587 378 3638 p.
396 3574 465 3638 352),
483 3574 517 3626 de
533 3573 560 3625 S.
580 3574 672 3626 Potito
688 3573 760 3642 (Act.
777 3574 825 3627 SS.
843 3578 862 3628 t.
884 3575 905 3626 1.
942 3578 1068 3627 menibus
1079 3578 1184 3627 absecta
1193 3578 1283 3638 cupita
1292 3577 1454 3642 pertentaret
1463 3572 1485 3616 in

350 3662 414 3713 dan.
437 3677 462 3727 p.
483 3664 550 3728 764),
571 3664 604 3714 de
625 3663 652 3716 S.
678 3665 808 3725 Quintiae
829 3666 903 3727 (Srn.
938 3669 1058 3716 medium
1079 3668 1233 3728 offerentes,
1257 3677 1433 3728 petrarumque
1451 3672 1486 3709 re-

350 3751 385 3802 sd
397 3752 428 3803 31
444 3753 526 3816 Oct),
540 3753 573 3805 de
591 3754 618 3806 S.
637 3753 775 3821 Repereta
790 3757 905 3821 (Meros-
939 3760 1040 3808 luerint
1052 3759 1127 3820 apud
1146 3755 1245 3821 liccem
1265 3758 1396 3808 rectorum
1412 3759 1484 3814 impe·

349 3845 399 3894 rol.
417 3841 495 3896 Rem.
506 3847 522 3897 8
534 3846 616 3908 Oct),
632 3848 666 3898 de
682 3847 708 3900 S.
721 3847 826 3900 Devota
837 3849 905 3912 (det.
941 3856 1017 3900 trare
1030 3855 1155 3912 poserem.
1175 3869 1187 3892 a
1201 3848 1344 3900 Hactenus
1361 3845 1485 3897 llansche·

350 3931 397 3984 SS.
417 3935 436 3986 t.
456 3935 494 3986 11.
512 3935 576 3988 Jen.
595 3950 621 4001 p.
638 3939 705 4001 Til),
718 3939 752 3990 de
768 3937 796 3990 S.
810 3938 902 3990 Felice
936 3937 1089 3997 niualem,
1104 3935 1403 4002 utexemplequadam
1415 3930 1484 3984 tredi-

349 4021 514 4084 Trevirenst
528 4025 556 4076 et
566 4025 638 4077 aliis.
651 4026 715 4078 Jam
731 4041 796 4079 vero
808 4029 902 4091 hujus-
935 4027 1020 4080 tionis
1032 4026 1174 4092 popularis
1187 4026 1251 4078 inde
1262 4025 1485 4090 exortaeproiera-

349 4113 903 4182 modlrcpraesentatienemuteymboium
938 4131 1012 4179 mus,
1037 4119 1119 4181 ceput
1141 4117 1181 4168 ita
1197 4115 1331 4167 detulisse
1351 4115 1484 4166 dicuntur.

350 4203 446 4253 mortis
462 4203 618 4256 christianae
635 4205 737 4270 passim
757 4207 786 4257 in
801 4207 898 4259 veteri·
934 4208 1032 4272 preater
1043 4207 1112 4257 alios
1128 4206 1280 4272 permultos
1295 4205 1366 4266 (vid.
1380 4205 1485 4256 onerer.

350 4292 400 4342 bus
411 4295 594 4346 monumentis
604 4296 719 4361 reperiri
728 4298 839 4348 monent
849 4297 899 4348 dn·
937 4295 1178 4358 Ceractdristr'pucs
1190 4297 1236 4345 tter
1253 4291 1354 4354 Seirrts,
1367 4296 1421 4344 art.
1436 4287 1487 4340 Tite

349 4393 444 4435 arnam
456 4385 483 4436 et
494 4384 542 4437 alii
557 4386 733 4453 archaeologi.
746 4414 778 4424 -
794 4388 901 4451 (Neque
937 4386 1062 4452 Coupee),
1075 4385 1102 4438 S.
1116 4384 1274 4437 ildebaldus
1293 4384 1362 4448 (Act.
1376 4383 1425 4436 SS.
1437 4387 1453 4433 t.
1465 4380 1483 4430 l.

349 4475 441 4526 tamen
461 4475 522 4527 ideo
541 4477 697 4544 negandum
716 4479 758 4530 est
774 4477 828 4529 tale
844 4491 908 4543 pre·
943 4479 1023 4530 Febr.
1038 4492 1064 4543 p.
1077 4475 1144 4542 299).
1160 4475 1207 4528 SS.
1221 4475 1359 4528 Maximus
1371 4477 1399 4527 et
1411 4475 1485 4524 l'ene·
