3132 5140
364 436 422 494 rbl
643 453 713 498 nrss.
737 455 776 498 n.
800 456 835 500 nn
856 457 950 504 locus.
971 459 1036 504 nov.
1060 461 1223 506 caenisium

412 650 486 713 111.
510 634 695 733 Arguitur
720 633 900 712 Callistus
922 637 1020 739 quod
1039 637 1176 716 dixerit
1198 677 1212 704 α
1235 591 1411 719 omnibus
1426 667 1448 719 a
1462 667 1493 716 se
1543 687 1544 708 t

363 767 500 844 dimitti
518 771 683 869 peccata.
708 805 723 833 a
745 761 1026 848 Advertendur'n
1043 777 1169 850 autem
1191 805 1197 848 :

414 920 449 989 l⁰
468 915 554 990 Non
574 913 645 989 dici
671 919 824 1016 peccata
844 919 1001 996 remissa
1028 919 1143 997 fuisse
1166 921 1245 998 sine
1269 923 1490 1024 poenitentia.
1543 949 1544 996 r

363 1049 472 1125 Unde

409 1203 449 1274 2⁰
468 1198 629 1275 Omnino
649 1204 747 1276 recte
765 1201 801 1275 id
828 1201 1113 1302 pronuntiatum
1132 1227 1212 1279 esse
1235 1229 1258 1280 a
1276 1203 1443 1290 Callisto
1462 1206 1493 1278 et

361 1331 407 1406 iis
428 1335 575 1407 tanturn
593 1332 789 1434 displicere
815 1336 979 1438 potuisse
1004 1337 1067 1438 qui
1094 1338 1254 1438 peccatis
1279 1339 1492 1440 quibusdam

361 1465 611 1542 exclusionem
646 1474 864 1570 perpetuam
902 1495 925 1547 a
959 1473 1219 1548 communione
1252 1471 1492 1549 ecclesiastica
1543 1569 1544 1580 ἵ

360 1603 555 1706 importari
574 1604 713 1682 vellent
734 1609 746 1703 (
764 1610 787 1705 l.

769 1703 778 1736 Ι
1543 1729 1544 1742 t

411 1781 535 1865 5.1v.
560 1821 574 1848 ω’
597 1783 635 1860 Si
661 1784 756 1860 forte
774 1785 836 1886 qui
860 1786 958 1886 apud
982 1785 1100 1861 alium
1123 1809 1233 1886 quem
1251 1787 1490 1886 congregatur
1543 1773 1544 1780 '

365 1922 440 1994 ‚et
468 1917 696 1995 christianus
719 1923 876 1996 vocatur
904 1919 992 2021 quid
1012 1909 1245 2022 ‘peccaverit
1276 1919 1395 2006 aiunt,
1424 1941 1489 1992 non

363 2089 377 2116 a
400 2053 608 2154 imputatur
630 2052 663 2128 ei
685 2056 892 2154 peccatum,
919 2053 1028 2129 modo
1057 2053 1206 2130 Callisti
1233 2050 1369 2129 scholae
1398 2074 1488 2128 accc

361 2223 376 2242 -
398 2187 463 2264 dat
484 2224 499 2252 a
521 2191 571 2286 (a).
593 2234 640 2243 —
658 2188 818 2265 Videtur
838 2189 900 2266 bic
917 2189 1087 2265 accusari
1110 2187 1290 2266 Callistus
1308 2186 1403 2289 quod
1423 2185 1488 2260 hae

361 2322 495 2398 reticos
513 2321 573 2397 vel
597 2323 855 2399 schismaticos
877 2323 923 2399 ad
950 2324 1068 2425 ipsius
1093 2323 1289 2399 ecclesiam
1305 2325 1487 2398 transeun-

357 2460 427 2542 tes
460 2456 633 2556 quamvis
663 2455 824 2548 aliorum
858 2460 995 2558 praeter
1029 2457 1203 2532 haeresim
1238 2460 1305 2533 aut
1334 2454 1485 2531 schisma

356 2591 531 2690 gravium
560 2595 799 2692 peccatorum
830 2617 925 2680 reos
958 2593 1071 2669 etiam
1102 2593 1183 2668 sine
1206 2589 1423 2693 poenitentia
1443 2582 1484 2660 ad

355 2724 652 2800 communionem
673 2724 877 2803 admiserit.
906 2725 960 2801 Ut
977 2730 1103 2802 autem
1125 2725 1407 2801 fundamentum
1424 2719 1484 2792 hu-

350 2862 414 2961 jus
431 2860 678 2937 accusationis
696 2861 939 2962 percipiatur,
964 2861 1201 2938 recolendum
1220 2863 1277 2936 est
1295 2857 1482 2935 discrimen
1543 2935 1544 2942 ἵ

354 2995 450 3096 quod
468 2995 675 3096 ponebatur
691 2995 789 3071 inter
806 3021 868 3071 eos
886 2995 950 3096 qui
969 3020 1162 3096 nunquam
1176 2994 1222 3071 ad
1237 3015 1366 3069 veram
1381 2984 1484 3064 ecole-

353 3131 447 3206 siam
466 3116 731 3231 pertinuissent
748 3130 839 3228 (sive
863 3131 951 3231 quia
974 3131 1013 3205 in
1037 3129 1173 3207 haeresi
1196 3129 1275 3205 nati
1290 3129 1394 3204 erant
1412 3121 1484 3197 sive

353 3267 400 3344 ad
418 3289 499 3342 eam
518 3291 563 3341 ex
580 3265 793 3344 idololatria
810 3267 1047 3368 transgressi)
1065 3270 1102 3344 et
1119 3291 1181 3342 eos
1195 3265 1261 3367 qui
1275 3265 1322 3341 ab
1341 3256 1483 3339 ecclesia

354 3399 600 3475 discesserant
633 3399 680 3474 ad
713 3399 898 3498 haeresim.
937 3401 1060 3478 Multo
1094 3398 1237 3476 scilicet
1271 3397 1397 3474 mitius
1427 3388 1482 3489 agi

353 3542 597 3615 consueverat
621 3532 707 3614 cum
733 3540 921 3641 prioribus
948 3565 1067 3641 neque
1093 3539 1235 3641 inquiri
1269 3539 1308 3614 in
1344 3535 1482 3639 peccata

352 3698 435 3774 quae
448 3672 713 3751 commiserant
725 3678 811 3751 ante
828 3699 936 3752 suam
950 3676 1203 3752 accessionem
1221 3675 1269 3752 ad
1285 3671 1481 3751 ecclesiam.

351 3809 449 3886 sicut
476 3809 589 3885 etiam
615 3810 726 3887 fiebat
755 3810 876 3911 quoad
910 3811 1000 3886 istos
1031 3810 1096 3912 qui
1128 3811 1174 3886 ab
1205 3805 1416 3885 idololatria
1441 3797 1481 3875 ad

352 3966 480 4020 veram
516 3941 626 4020 fidem
662 3945 987 4020 convertebantur,
1026 3945 1076 4020 At
1110 3943 1278 4019 severius
1316 3937 1483 4041 agebatur
1543 4003 1544 4006 ,

351 4106 436 4158 oum
454 4081 733 4182 posterioribus,
753 4081 817 4182 qui
837 4081 987 4158 fuerant
1005 4084 1085 4155 veri
1105 4080 1289 4180 apostatae
1311 4105 1318 4152 :
1340 4074 1377 4149 hi
1395 4066 1481 4147 eninr

383 4397 411 4454 u)
430 4391 485 4442 Osr.
505 4403 589 4454 supra
606 4393 678 4446 Dias.
700 4394 749 4446 111.
771 4395 833 4460 Gap.
855 4393 902 4444 Vl.
970 4395 999 4456 (a)
1016 4390 1120 4442 Philas.
1140 4389 1188 4441 IX.
1214 4391 1242 4440 12
1259 4389 1321 4454 post
1340 4385 1406 4438 mod.
1422 4381 1477 4442 [Ap-

350 4490 383 4542 N.
399 4491 429 4541 12
440 4489 514 4555 (pag.
530 4491 592 4555 178).
940 4491 1020 4556 pond.
1034 4505 1097 4556 pag.
1110 4483 1166 4544 lal-
