3132 5140
368 457 427 518 222
597 471 667 518 mss.
691 472 718 516 v.
742 469 778 517 on
798 471 937 519 conrnov.
960 470 1040 519 cinci
1061 469 1144 519 mm.
1168 471 1279 519 uanas.

367 641 406 718 S.
432 639 615 742 Cypriani
637 638 797 715 editores
820 640 871 736 (ι).
892 639 1051 716 Fatetur
1075 637 1191 714 etiam
1216 636 1392 740 epistolas
1416 635 1493 711 istas

365 775 515 852 omnino
533 774 673 850 referre
686 773 827 876 stylum
841 774 1039 876 Cypriani,
1055 799 1260 876 earumque
1278 772 1493 850 authentiam

363 913 578 990 confirmari
604 911 718 987 exiis
745 936 830 1013 quae
852 911 1032 1012 leguntur
1056 911 1155 1014 apud
1179 911 1384 987 Eusebium
1403 909 1490 984 Hist.

362 1051 463 1124 Eccl.
492 1046 581 1123 VII.
612 1051 636 1123 3
662 1049 698 1144 (2)
728 1050 764 1122 et
789 1045 889 1149 apud
918 1046 1196 1148 Hieronymum
1223 1045 1275 1122 in·
1293 1047 1394 1121 Diod.
1416 1047 1489 1118 odo.

362 1184 534 1277 Lucifer.
555 1185 609 1282 (a).
629 1183 808 1258 Attamen
825 1205 899 1256 non
917 1181 1010 1258 satis
1029 1180 1116 1257 inde
1132 1177 1367 1282 comprobari
1384 1179 1493 1253 censet

362 1316 510 1393 easdem
523 1341 603 1393 esse
621 1316 817 1417 genuinas.
842 1314 990 1418 Quippe
1007 1340 1086 1391 noo
1103 1325 1295 1411 repopoot
1313 1316 1355 1389 ut
1371 1307 1492 1410 aliquis

363 1449 554 1538 falsarius,
586 1475 606 1526 e
636 1453 742 1553 parte
774 1449 1073 1538 Donatistarum,
1105 1448 1309 1526 admodum
1333 1444 1489 1528 callidus,

361 1609 488 1664 omnes
505 1585 591 1663 illas
616 1584 841 1664 confinxerit
859 1585 1010 1662 ineunte
1028 1583 1153 1661 seculo
1179 1584 1248 1671 IV,
1268 1608 1311 1660 eo
1338 1604 1439 1682 scopo
1455 1581 1492 1651 ut

360 1723 583 1800 sententiam
600 1748 679 1799 suae
696 1721 872 1799 factionis
891 1721 991 1797 circa
1008 1719 1235 1822 baptismum
1254 1718 1302 1795 ab
1320 1711 1489 1793 haereticis

358 1855 538 1935 collatum
551 1861 668 1935 tantae
685 1856 922 1934 auctoritatis
939 1855 1116 1958 praesidio
1133 1859 1317 1942 tueretur,
1334 1853 1431 1952 isque
1443 1847 1489 1922 ita

357 1993 522 2094 potuerit
540 1991 721 2095 Cypriani
739 1990 941 2068 dictionem
968 1980 1124 2078 imitari,
1145 1989 1259 2066 etiam
1278 1989 1317 2064 in
1342 1986 1398 2062 his
1414 2004 1487 2084 pro-

357 2125 445 2201 lixis
462 2126 707 2214 documentis,
727 2130 770 2202 ut
790 2149 920 2202 omnes
937 2125 1209 2227 deciperentur,
1229 2127 1268 2199 et
1288 2117 1415 2198 deinde
1429 2113 1486 2192 ali-

357 2262 420 2364 qui
438 2260 584 2338 lihrarii
602 2285 669 2362 per
686 2259 857 2336 fraudem
874 2259 935 2335 vel
958 2259 1212 2360 ignorantiam
1230 2283 1275 2334 ea
1293 2254 1486 2333 commenta

356 2395 661 2498 transcripserint
685 2394 785 2471 inter
824 2396 987 2495 genuina
1021 2394 1204 2497 Cypriani
1235 2417 1360 2496 opera,
1398 2385 1485 2465 unde

355 2540 484 2638 postea
501 2535 540 2609 in
558 2533 652 2610 alios
666 2533 824 2622 codices,
841 2534 904 2635 qui
919 2533 966 2610 ad
985 2559 1052 2609 nos
1066 2535 1329 2635 pervenerunt,
1345 2524 1484 2606 transie

356 2669 444 2745 rint.
462 2668 631 2769 Eamque
649 2667 897 2770 suspicionem
915 2668 1131 2746 confirmari
1150 2667 1203 2745 ait
1221 2694 1267 2744 ex
1285 2693 1327 2744 eo
1345 2661 1435 2768 quod
1452 2660 1485 2735 in

355 2802 487 2878 iisdem
504 2801 692 2878 codicibus
718 2801 848 2879 atalia
867 2803 1040 2903 quaedam
1058 2802 1298 2879 continentur
1320 2794 1486 2902 opuscula

354 2936 544 3039 Cypriane
570 2937 764 3025 attributa,
787 2963 871 3039 quae
892 2938 1118 3039 jamdudum
1144 2935 1314 3013 unanimi
1334 2931 1485 3010 erudito·

353 3097 437 3149 rum
455 3095 636 3148 consensu
655 3070 715 3147 vel
732 3072 935 3147 admodum
953 3072 1067 3148 dubia
1083 3071 1144 3147 vel
1162 3076 1263 3148 certo
1281 3065 1486 3174 apocrypha

347 3208 520 3309 judicata
546 3209 644 3282 sunt.
660 3251 714 3301 7—
733 3205 824 3282 Inde
841 3207 967 3308 itaque
985 3207 1159 3308 deceptus
1178 3205 1293 3282 fuerit
1311 3203 1485 3298 Hierony·

351 3366 447 3418 mus.
470 3339 578 3430 Quod
604 3343 731 3416 autem
748 3340 795 3415 ad
821 3338 1078 3418 testimonium
1104 3338 1257 3415 Eusebii
1283 3337 1426 3420 attinet,
1452 3331 1486 3404 et

350 3475 421 3552 hoc
438 3475 630 3553 existimat
647 3474 797 3550 Tizzani
828 3473 1074 3552 Caesariensis
1100 3474 1286 3550 Historia
1310 3465 1484 3546 Ecclesia·

348 3612 454 3687 sticoe
488 3609 773 3698 Donatistarum
807 3607 892 3686 dolo
926 3608 1213 3712 interpolatum,
1249 3607 1403 3708 ejusque
1435 3595 1483 3673 rei
1557 3589 1558 3666 t

348 3743 486 3845 duplex
515 3742 657 3846 profert
686 3743 867 3820 indicium
897 3773 904 3820 :
933 3743 1096 3821 alterum
1125 3744 1223 3846 quod
1253 3743 1366 3844 capnt
1397 3729 1483 3812 illud

347 3877 500 3954 tertium
518 3876 605 3953 libri
623 3877 785 3980 septimi,
806 3878 846 3984 in
867 3902 940 3979 quo
959 3879 1172 3954 continetur
1188 3874 1328 3952 mentio
1345 3871 1482 3948 contro·
1557 3899 1558 3914 ἢ

347 4010 494 4099 versiae,
514 4009 569 4087 ita
582 4035 716 4113 parum
734 4012 899 4090 cohaeret
915 4037 1001 4088 cum
1015 4012 1270 4116 superioribus
1288 4015 1325 4087 et
1337 4025 1482 4106 sequen-

379 4297 409 4357 (ι)
421 4291 465 4348 Sic
483 4295 600 4360 epistola
617 4295 774 4347 Firmilianl
787 4297 904 4348 habetur
937 4301 955 4348 t.
971 4295 1022 4349 111.
1036 4311 1063 4362 p.
1078 4297 1151 4348 1153.

346 4391 374 4443 tn
387 4392 530 4444 codicibus
542 4391 640 4444 saltem
658 4392 755 4458 viginti
771 4407 827 4445 sex.
841 4393 902 4444 Vid.
971 4395 1003 4461 (a)
1015 4395 1066 4446 cit.
1081 4393 1205 4459 Append.
1219 4405 1281 4458 pag.
1294 4387 1334 4444 77.

346 4489 457 4543 Bnuuzn
483 4491 538 4543 not.
561 4491 595 4540 ad
619 4491 690 4541 hanc
711 4490 789 4554 epist.
815 4491 847 4541 P.
871 4491 903 4542 L.
970 4492 1063 4556 (emit.
1076 4491 1200 4558 append.
1214 4505 1276 4557 pag.
1289 4479 1384 4541 iil-8⁰·
