3132 5140
468 1141 710 1226 CAPUT
758 1145 831 1226 ΙΙ.

124 1377 128 1386 ¹
183 1401 317 1456 UTRUM
338 1401 540 1458 CYPRlANUS
561 1403 671 1467 ElQUE
693 1379 948 1458 ADHAERENTES
969 1406 1132 1460 EPlSCOPl

106 1525 417 1582 CONTROVERSIAM
444 1527 540 1583 Hanc
568 1527 754 1582 PUTARINT
784 1527 993 1584 PERTINERE
1019 1528 1066 1584 An
1092 1528 1214 1584 FIDEM.

139 1985 177 2067 l.
201 1987 407 2090 Scriptores
431 1967 620 2076 catholici,
653 1990 793 2090 praeter
815 1986 1047 2076 Gallicanos,
1073 1986 1151 2064 fere
1174 2011 1235 2064 ne·

91 2125 260 2226 gativam
298 2129 443 2226 partem
479 2125 597 2202 secuti
632 2128 733 2213 sunt,
775 2150 822 2200 ne
863 2123 1004 2201 scilicet
1037 2123 1237 2201 videantur

90 2258 305 2360 Cyprianus
339 2261 375 2335 et
404 2259 663 2348 Firmilianus‚
696 2285 782 2336 cum
816 2258 902 2336 aliis
932 2259 1129 2362 episcopis,
1161 2285 1236 2336 ncn

89 2395 288 2496 agnovisse
311 2394 617 2473 infallibilitatem
640 2396 806 2475 Romani
828 2395 1024 2473 Pontificis
1050 2395 1152 2472 circa
1175 2419 1235 2472 res

92 2529 191 2606 fidei.
216 2530 460 2633 Praecipuum
481 2535 606 2609 autem
629 2557 759 2609 eorum
781 2534 1046 2632 argumentum
1064 2529 1234 2630 estquod

92 2662 319 2765 Opprianus
355 2664 600 2742 Firmilianus
634 2669 671 2743 et
701 2669 786 2768 post
820 2665 921 2766 ipsos
958 2662 1137 2751 Basilius,
1170 2664 1234 2764 qui

91 2796 257 2873 eamdem
291 2821 377 2873 cum
411 2797 458 2874 iis
495 2798 717 2876 sententiam
751 2798 887 2888 tenuit,
924 2796 1077 2874 cuilibet
1109 2804 1235 2875 tamen

92 2931 199 3008 aliter
219 2933 416 3021 sentiendi,
443 2934 518 3011 imo
544 2934 693 3036 agendi,
715 2935 929 3011 libertatem
954 2934 1139 3034 integram
1161 2931 1234 3009 sal-

92 3093 250 3171 vamque
283 3071 496 3149 voluerunt.
531 3072 573 3149 Id
607 3077 734 3151 autem
765 3071 921 3149 minime
949 3071 1170 3176 potuissent,
1202 3072 1234 3148 si

93 3207 312 3284 sententiam
345 3231 453 3284 suam
486 3207 532 3285 de
565 3208 637 3285 fide
666 3207 926 3298 credidissent,
960 3231 1033 3283 non
1063 3229 1153 3282 vero
1187 3205 1234 3281 ad

93 3341 325 3444 disciplinam
343 3344 528 3445 pertinere
546 3346 556 3442 l
574 3347 597 3441 ).

142 3521 179 3603 2.
195 3524 241 3601 In
258 3526 491 3603 contrarium
514 3526 690 3628 arguitur
713 3549 759 3601 ex
781 3549 824 3601 ec
848 3523 946 3624 quod
967 3522 1181 3626 Cyprianus
1199 3529 1237 3602 ct

94 3659 334 3736 Firmilianus
360 3663 479 3737 totam
501 3660 797 3738 controversiam
823 3661 996 3736 statuunt
1020 3657 1120 3734 circa
1140 3656 1235 3734 vali-

95 3793 245 3870 ditatem
275 3793 450 3897 baptismi
485 3795 762 3883 haereticorum,
799 3818 912 3896 quam
948 3817 994 3869 ex
1025 3794 1234 3896 Scriptura,

94 3928 292 4005 traditione
309 3931 409 4004 etex
426 3927 511 4005 aliis
528 3928 714 4030 dogmatis
732 3927 844 4005 certis
862 3926 1013 4005 omnino
1027 3926 1237 4027 negandam

96 4062 277 4138 contendu
304 4065 334 4150 t,
357 4064 395 4138 et
415 4087 461 4138 ex
479 4062 612 4140 iisdem
630 4062 795 4140 fontibus
814 4059 1036 4138 sententiam
1056 4059 1236 4161 Stephani

97 4195 206 4272 illum
248 4196 475 4299 baptismum
512 4195 680 4274 validum
725 4192 1002 4299 pronuntiantis
1043 4217 1237 4271 erroneam

129 4493 159 4554 (ι)
172 4493 224 4545 Onu
239 4493 395 4558 Honzcnau,
411 4495 463 4549 loc.
484 4496 529 4549 cit.
543 4497 638 4564 (supra
650 4509 714 4562 pag.
728 4497 787 4559 237)
800 4509 827 4546 n.
848 4496 901 4546 138.
