3132 5140
425 476 485 524 cir.
509 478 559 522 vu.
583 477 618 523 m
639 475 824 523 noverimus.
1140 465 1197 524 187

48 634 158 734 igitur
189 631 379 734 graviora
400 635 570 708 veterum
592 629 807 707 testimonia
840 655 923 708 eam
949 629 1199 709 chronotaxin

48 771 235 849 emendari
250 772 422 872 jubeant,
438 796 512 848 non
530 768 786 872 imprudenter
798 768 1081 858 arbitrabimur,
1098 769 1199 848 intra

48 904 133 981 illud
156 904 374 982 triennium
395 904 455 982 vel
481 903 769 1006 quadriennium
793 901 1099 986 Elchasaitarum
1121 905 1197 980 hae-

49 1043 155 1118 resim
183 1043 235 1120 ab
260 1040 456 1119 Alcibiade
479 1045 755 1144 propugnatam
777 1039 907 1130 fuisse,
937 1077 953 1106 n
975 1065 1019 1117 ac
1043 1041 1199 1143 proinde

48 1179 186 1256 Philas.
210 1180 300 1280 post
316 1201 377 1254 an.
397 1181 465 1254 251
487 1176 699 1278 conscripta
715 1200 808 1253 esse.
920 1179 921 1182 ‘

93 1340 129 1422 3.
146 1345 201 1420 At
220 1367 356 1418 rursus
373 1341 456 1418 istae
473 1339 729 1417 conclusiones
756 1340 847 1417 satis
870 1342 1047 1440 gratuitae
1064 1347 1102 1421 et
1119 1345 1203 1422 vio--

48 1479 153 1556 lentae
182 1482 385 1582 apparent.
415 1477 565 1554 Etenim
594 1483 630 1552 l⁰
656 1477 834 1553 Gratuito
861 1479 1086 1579 supponitur
1115 1481 1199 1559 Ori-

49 1637 154 1713 genes
185 1612 339 1722 locutus
368 1636 448 1688 esse
478 1611 523 1687 de
552 1610 760 1701 Alcibiade,
793 1617 831 1689 et
856 1638 931 1688 non
956 1615 1054 1692 alius
1085 1643 1198 1720 quam
1295 1623 1297 1628 ’

49 1744 260 1822 Alcibiades
291 1745 466 1822 haeresim
492 1744 796 1822 Elohasaitarum
827 1747 1009 1826 excitasse
1034 1752 1081 1827 iis
1107 1752 1198 1831 loeis

49 1881 106 1956 ubi
137 1881 369 1986 versabatur
403 1879 597 1981 Origenes,
631 1886 671 1957 2⁰
701 1882 949 1983 Nequaquam
979 1885 1034 1962 ita
1062 1887 1199 1966 diserte

50 2021 193 2120 tempus
213 2018 387 2094 excitatae
406 2041 537 2093 rursus
556 2017 659 2094 illius
682 2019 866 2095 haereseos
890 2021 1060 2100 definivit
1082 2025 1198 2102 Eusc-

49 2152 138 2230 bius.
161 2153 371 2241 Nimirum,
392 2156 590 2254 postquam
609 2155 646 2251 (ι)
664 2153 848 2230 indicavit
869 2157 1066 2234 exordium
1084 2159 1198 2261 impe-

51 2287 90 2362 rii
106 2287 281 2390 Philippi
296 2291 347 2386 (⁶2),
364 2288 443 2388 agit
456 2288 503 2365 de
516 2287 658 2364 ultimis
676 2289 792 2390 gestis
810 2293 846 2366 et
859 2291 1007 2392 scriptis
1023 2292 1198 2394 Origenis

50 2425 142 2501 etde
161 2425 210 2501 iis
229 2450 314 2526 quae
339 2449 385 2500 ex
403 2423 462 2500 his
488 2425 638 2526 scriptis
656 2423 783 2526 colligi
806 2430 974 2526 possunt.
996 2427 1100 2504 Inter
1117 2428 1198 2506 haec

52 2557 230 2660 boquels)
252 2559 367 2636 refert
391 2590 397 2634 :
429 2595 445 2625 κ
470 2557 579 2636 Alius
605 2583 751 2660 quoque
775 2563 865 2635 tunc
887 2562 1066 2662 temporis
1093 2587 1199 2640 error

17 2689 21 2696 ’
53 2701 242 2774 -exortus
272 2702 342 2786 est,
375 2697 677 2774 Helcesaitarum
707 2695 851 2772 scilicet
883 2695 1038 2772 haeresis
1073 2727 1079 2772 :
1114 2722 1198 2798 quae

55 2870 68 2898 Β
87 2837 374 2937 quidemsimul
399 2842 501 2927 nata,
522 2836 635 2914 simul
653 2836 838 2913 exstincta
855 2839 923 2932 est.
954 2837 1080 2937 Hujus
1098 2861 1199 2913 men-

56 2971 231 3048 stionem
261 2971 352 3048 facit
383 2972 565 3074 Origenes
590 2971 630 3047 in
660 2968 817 3046 homilia
842 2968 889 3046 ad
915 2968 1096 3071 populum
1123 2993 1198 3071 qua

56 3104 279 3205 npsalmum
305 3105 574 3206 octogesimum
600 3105 805 3182 secundum
831 3105 996 3206 exponit,
1025 3103 1084 3180 his
1113 3129 1196 3181 ver-

56 3240 165 3317 utis:
194 3240 373 3330 Quidam,
401 3241 536 3342 inquit,
562 3265 682 3344 nuper
707 3239 903 3318 advenit...
940 3275 956 3305 n
984 3238 1095 3317 Certe
1116 3238 1198 3317 haec

56 3399 125 3452 non
143 3376 338 3454 sufficiunt
355 3381 398 3453 ut
414 3377 563 3454 dicatur
587 3377 772 3455 Eusebius
794 3377 1006 3453 restitutam
1031 3376 1078 3452 ab
1097 3374 1197 3453 Alci-

55 3509 159 3588 biade
186 3517 328 3589 sectam
353 3512 450 3589 inter
473 3537 534 3592 an.
555 3517 628 3591 246
651 3515 688 3588 et
710 3515 783 3588 249
804 3511 900 3588 citra
923 3509 1197 3586 haesitationem

57 3644 266 3725 collocasse.

102 3799 141 3881 4.
168 3803 371 3904 Subjungit
393 3805 438 3878 P.
464 3803 662 3880 Armellini
688 3801 871 3905 quasdam
898 3825 977 3876 suae
1004 3800 1197 3876 sententiae

57 3935 362 4014 confirmationes,
380 3938 529 4015 Harum
543 3938 752 4042 praecipuas
771 3937 833 4013 hic
850 3935 1084 4022 exhibemus
1109 3934 1195 4009 sub-

55 4066 246 4170 jungentes
264 4071 425 4173 singulis
442 4074 593 4151 brevem
612 4073 901 4175 responsionem.

87 4315 114 4376 bl
135 4313 170 4367 H.
194 4315 228 4370 Ε.
251 4318 299 4370 Vl.
327 4320 358 4371 34
378 4321 420 4382 (Ρ.
447 4321 478 4373 G.
501 4322 520 4372 t.
542 4319 604 4373 XX.
640 4320 705 4370 dum
718 4318 869 4370 Eusebium
881 4315 957 4382 (ibid.
971 4330 997 4381 p.
1013 4317 1078 4380 599),
1092 4315 1197 4378 septem

60 4405 156 4470 usos).
636 4409 869 4476 annosrcgnavit.

86 4493 113 4556 (²)
132 4495 183 4556 Qui
200 4499 267 4550 obiit
283 4513 356 4552 anno
373 4501 429 4566 249,
446 4503 483 4565 et,
502 4515 600 4552 secun·
648 4565 650 4571 Α
668 4503 699 4566 (a)
711 4497 748 4552 H.
762 4497 797 4551 Ε.
811 4499 857 4550 VI.
871 4500 903 4550 38
915 4496 996 4548 modo
1008 4496 1055 4547 cit.
