3154 5134
370 439 429 506 nm
604 462 675 507 mss
699 461 727 506 v.
750 457 785 506 ns
806 461 943 510 domnos.
967 463 1048 510 cruca
1070 463 1150 508 narr.
1174 461 1287 509 unum.

373 664 388 693 n
411 628 575 730 Spiritus
589 628 749 706 Sanctus
763 655 808 705 ex
822 655 981 732 persona
994 631 1147 707 Domini
1161 631 1333 732 designat
1347 635 1386 707 et
1398 630 1507 705 dicit:

372 800 388 827 ’ν
415 765 498 842 Una
515 770 570 842 est
593 764 766 844 columba
787 791 883 856 mea,
909 768 1075 869 perfecta
1098 793 1195 856 mea,
1224 792 1300 845 una
1322 772 1380 844 est
1404 763 1510 842 matri

372 927 501 990 nsuae,
529 902 647 979 electa
669 903 848 1004 genetrici
879 929 970 982 suae.
999 906 1109 982 Hanc
1139 903 1307 982 ecclesiae
1332 905 1510 980 unitateoi

371 1073 387 1102 n
409 1037 473 1140 qui
499 1063 573 1114 non
598 1042 712 1126 tonet,
732 1043 858 1115 toncre
880 1065 920 1115 se
945 1039 1056 1115 fidem
1082 1039 1220 1116 crediti
1247 1039 1323 1126 Qui
1348 1035 1510 1115 ecclcsiae

371 1207 387 1235 n
409 1171 584 1247 renititur
597 1175 634 1248 et
646 1172 802 1269 resistit,
817 1173 895 1274 [qui
909 1173 1127 1252 cathedram
1141 1175 1262 1262 Petri,
1279 1195 1509 1276 superquam

301 1352 303 1360 .
371 1343 386 1371 n
409 1307 568 1384 fundata
587 1311 643 1384 est
664 1308 822 1386 ecclesia
843 1310 1009 1410 deserit],
1029 1311 1068 1386 in
1085 1310 1243 1387 ecclesia
1266 1307 1308 1387 se
1328 1333 1509 1386 essecon-

371 1445 512 1522 additi
539 1445 698 1533 Quando
722 1449 759 1522 et
782 1446 912 1522 beatus
936 1445 1127 1548 apostolus
1152 1445 1299 1522 Paulus
1322 1445 1390 1520 hoc
1415 1443 1509 1518 idem
1556 1497 1557 1508 .

371 1582 551 1671 „doceat
584 1586 621 1658 et
650 1585 926 1658 sacramentum
956 1580 1113 1657 unitatis
1141 1580 1326 1663 ostendat,
1354 1577 1504 1653 dicens:

370 1752 385 1780 n
408 1715 538 1792 Unum
555 1742 691 1818 corpus
714 1721 751 1792 et
773 1742 869 1793 unus
894 1717 1073 1818 Spiritus,
1098 1741 1175 1826 una
1198 1741 1281 1817 spes
1304 1711 1507 1790 vocationis

370 1854 556 1938 „vestrae
584 1875 681 1927 unus
708 1851 905 1940 Dominus
933 1877 1011 1928 una
1036 1851 1140 1940 fides
1166 1876 1285 1928 unum
1310 1848 1503 1950 baptisma,

370 1987 733 2088 »unpsDeus»().
930 1985 936 1998 '

413 2201 447 2267 b.
473 2187 690 2266 Romanum
716 2188 939 2265 Pontificem
965 2213 1219 2266 successorem
1239 2187 1349 2265 Petri
1375 2185 1502 2290 praedi-

364 2323 466 2400 cavit
482 2325 531 2422 (2).

412 2549 443 2597 c.
464 2517 671 2594 Ecclesiam
695 2518 907 2596 Romanam
927 2521 1077 2598 vocavit
1100 2524 1298 2598 ecclesium
1314 2523 1502 2620 prs‘nczpc-
1556 2573 1557 2616 ,

368 2658 454 2740 tem,
476 2659 579 2728 unde
597 2655 732 2730 unitos
747 2659 993 2732 sacerdotatis
1009 2669 1145 2734 caurio
1162 2668 1217 2733 est
1235 2659 1294 2754 (a),
1314 2657 1500 2732 ecclesium

363 2789 584 2864 catholicum
609 2793 670 2884 (4),
698 2793 862 2866 ccclesr'oe
889 2795 1082 2869 euthotz'ooe
1109 2794 1279 2870 radicem
1309 2806 1344 2870 ct
1374 2791 1500 2869 ircotri-

363 2955 442 3006 cent
467 2933 516 3029 (5).

412 3145 450 3211 8.
472 3131 640 3233 Denique
657 3135 915 3223 Frumumnus
934 3136 1168 3239 Stephanum
1183 3139 1233 3217 R.
1251 3140 1298 3220 P.
1320 3176 1336 3205 a
1353 3139 1414 3243 qui
1428 3136 1497 3236 (ait)

366 3303 382 3332 a
404 3266 457 3343 sic
475 3267 520 3343 dc
537 3268 772 3370 episcopatus
794 3269 853 3346 sui
875 3270 956 3348 loco
974 3271 1159 3373 gloriatur
1181 3277 1218 3348 et
1243 3297 1283 3350 se
1305 3269 1495 3350 successio-

366 3437 381 3466 »
404 3427 487 3478 nem
505 3402 610 3478 Petri
631 3407 757 3479 tenere
778 3405 981 3494 contendit,
1002 3432 1114 3508 super
1131 3432 1242 3508 quem
1264 3407 1496 3484 fundamenta

365 3575 380 3604 η
402 3538 566 3615 ecclesiae
579 3539 761 3617 collocata
774 3546 921 3631 sunt...
939 3544 1003 3644 qui
1018 3569 1084 3646 per
1096 3545 1367 3622 successionem
1383 3542 1496 3620 catha

394 3923 424 3982 (ι)
436 3917 468 3973 Ρ.
479 3920 510 3972 L.
524 3923 544 3972 t.
558 3919 604 3972 1v.
618 3935 644 3985 p.
657 3921 714 3972 498.
946 3921 1110 3986 „gentibus
1140 3935 1174 3973 ne
1201 3937 1264 3974 cum
1291 3922 1420 3975 scandalo
1445 3917 1493 3970 ullo

392 4015 421 4078 (s)
433 4013 519 4078 Epist.
533 4014 573 4065 52.
589 4028 614 4064 n.
628 4015 643 4064 8
655 4015 682 4064 st
692 4013 780 4078 Epist.
792 4015 831 4064 55.
843 4027 870 4065 n.
883 4015 912 4063 li
947 4037 959 4054 ν
971 3992 1135 4080 'navigarent
1145 4015 1281 4067 rationem
1291 4011 1493 4075 reddentessci-

359 4113 415 4172 (cit.
429 4113 553 4178 Append.
567 4127 630 4179 pag.
645 4107 680 4168 4).
824 4116 827 4122 '
952 4135 964 4152 ··
978 4125 1038 4162 mus
1051 4126 1101 4164 nos
1113 4113 1238 4163 hortatos
1249 4125 1367 4164 cosesse
1380 4113 1407 4162 ut
1418 4109 1493 4161 secie·

393 4214 422 4271 (ai
432 4209 519 4275 Epist.
530 4211 570 4261 55.
581 4222 608 4261 n.
617 4213 646 4261 14
657 4208 792 4276 (Append.
803 4222 866 4273 pag.
878 4201 915 4266 4).
953 4231 964 4250 ν
978 4209 1025 4260 sice
1037 4209 1179 4261 catholicae
1191 4209 1312 4261 radicem
1324 4211 1352 4261 ct
1363 4209 1491 4260 matricem

393 4297 425 4365 (r)
436 4298 497 4349 Vid.
508 4312 593 4363 supra
604 4312 666 4364 pag.
679 4299 736 4350 269.
751 4299 807 4349 not.
820 4300 845 4348 4.
951 4321 963 4340 ν
977 4305 1159 4364 agnoscerent
1179 4313 1210 4350 ac
1235 4302 1359 4352 tenerent
1382 4323 1394 4344 n
1411 4299 1448 4364 (P.
1464 4297 1491 4347 L.

391 4390 422 4454 (5)
434 4386 521 4453 Epist.
538 4390 578 4438 45.
597 4389 630 4438 ad
648 4388 728 4440 Corn.
746 4388 773 4440 S.
788 4388 820 4438 P.
834 4401 861 4439 n.
875 4389 891 4439 3
905 4405 911 4440 :
950 4390 970 4441 t.
982 4389 1006 4441 3.
1018 4405 1044 4455 p.
1055 4392 1121 4454 710).

361 4497 374 4523 n
388 4479 445 4530 Nos
461 4479 535 4529 onim
553 4477 670 4542 singuiis
687 4477 824 4542 [Romam]
841 4479 913 4529 nsvi-
