3154 5134
376 503 384 512 .
442 471 521 518 conc.
545 467 709 517 1111001101
733 469 778 514 an.
802 453 872 514 161.
1170 463 1229 522 185

85 625 121 700 111
139 625 210 702 hoc
229 650 359 704 rerum
378 625 528 703 cardine
544 627 611 700 aut
627 607 853 699 oblivionem
877 621 1042 722 affinget.
1064 623 1143 700 Cur
1160 625 1229 726 igi·
1293 685 1295 690 .

85 767 144 836 tur
161 786 185 838 a
203 762 376 840 Concilio
394 760 628 838 Antiocheno
646 783 764 860 usque
781 759 828 835 ad
845 758 1103 859 Ancyranum,
1119 761 1156 836 id
1175 766 1231 839 est

85 893 129 968 ab
150 919 254 971 anno
276 901 350 972 270
370 894 418 971 ad
440 918 581 970 annum
607 897 692 980 358,
721 891 826 968 naha
847 891 984 968 decreti
1006 894 1231 972 Antiocheni

85 1028 237 1118 mentio,
264 1028 371 1105 nulla
387 1052 540 1130 prorsus
558 1051 603 1102 ea
625 1025 670 1102 de
694 1050 736 1101 re
751 1025 878 1102 littera
901 1025 940 1101 in
963 1027 1128 1129 antiquis
1154 1055 1231 1106 mo-

85 1163 276 1240 numentis
302 1162 488 1240 occurrit?
520 1160 713 1249 Quomodo
744 1184 803 1236 res
832 1160 928 1238 tanti
958 1165 1135 1243 momenti
1167 1192 1233 1269 per

86 1319 202 1376 annos
220 1305 272 1378 90
290 1301 330 1376 in
347 1299 494 1377 silentio
512 1303 549 1376 et
565 1299 727 1376 tenebris
739 1300 864 1400 jacet?
885 1336 900 1366 n

137 1474 176 1558 6.
193 1485 235 1555 3⁰
260 1477 462 1580 Speciatim
484 1503 530 1553 ex
553 1476 701 1554 silentio
725 1477 891 1557 Eusebii.
919 1519 1007 1590 —fc
1034 1483 1232 1578 Eusebius,

88 1639 195 1714 quem
227 1615 415 1692 Asianum
440 1614 632 1716 perpauci,
663 1613 892 1690 Asianorum
922 1617 1147 1695 acerrimum
1173 1621 1234 1698 de-

89 1746 275 1826 fensorem
297 1775 404 1826 nemo
433 1747 645 1850 negaverit,
672 1747 710 1822 in
732 1747 889 1849 epistola
919 1750 1137 1854 paulopost
1167 1754 1235 1856 Sy-

89 1885 225 1962 nodum
262 1887 456 1963 Nicaenam
490 1883 631 1986 scripta
665 1886 701 1982 (1)
734 1883 956 1961 homousion
998 1886 1235 1990 abantiquis

92 2026 337 2128 scriptoribus
372 2027 596 2126 usurpatum
634 2022 786 2112 fatetur,
827 2022 1046 2100 damnatum
1083 2050 1237 2127 prorsus

94 2158 254 2258 ignorat.
276 2159 445 2235 —Idem
469 2158 629 2261 scriptor
650 2157 834 2259 insignem
859 2164 1003 2260 partem
1025 2160 1238 2238 litterarum

94 2293 338 2372 antiochenae
364 2295 505 2396 Synodi
531 2294 665 2370 intexit
693 2292 860 2369 historiae
886 2320 964 2370 suae
990 2293 1054 2371 lib.
1083 2295 1158 2372 VII
1185 2300 1234 2396 (a).

96 2428 253 2506 Nullum
277 2430 314 2506 in
337 2455 380 2506 ea
401 2429 604 2530 vestigium
622 2429 748 2530 rejecti
767 2433 1113 2508 consubstantialia.
1137 2433 1239 2509 Num

96 2563 261 2644 dicemus
285 2567 475 2643 decretum
502 2567 683 2644 adversus
710 2569 1030 2644 consubstantiale
1056 2567 1095 2643 in
1120 2567 1240 2646 altera

97 2700 263 2798 epistotae
276 2706 382 2804 parte
397 2701 606 2777 exstitisse?
624 2702 675 2776 At
692 2699 775 2800 quis
793 2699 922 2776 eredat
939 2700 1143 2777 Eusebium
1160 2706 1239 2778 tam

97 2833 191 2910 male
216 2836 263 2911 de
287 2835 440 2912 Arianis
465 2836 643 2911 meritum
672 2859 752 2910 esse
779 2837 930 2935 atquae
960 2859 1089 2911 eorum
1115 2863 1240 2914 causae

99 2967 222 3048 favere
255 2972 496 3060 videbantur,
533 2998 578 3049 ea
611 2972 656 3047 de
691 2971 876 3048 industria
910 2971 1165 3053 dissimularet
1197 3001 1241 3051 aa

99 3111 254 3206 posteris
283 3110 489 3187 invideret?
524 3157 571 3166 —
601 3109 774 3187 Statuere
804 3133 893 3210 ergo
927 3134 1125 3211 possumus
1155 3137 1240 3187 0011-

98 3245 341 3321 sahtantiab's
358 3244 702 3322 condemnationem
721 3243 781 3332 iis,
801 3246 865 3344 qui
884 3268 950 3318 nec
969 3243 1157 3345 ignorare,
1174 3272 1241 3323 nec
1316 3317 1321 3326 ,

99 3383 219 3460 tacere
256 3388 442 3485 poterant,
483 3385 650 3485 ignotam
688 3388 725 3459 et
762 3381 910 3458 silentio
950 3385 1241 3482 praetermissam

103 3512 226 3596 tuisse.
251 3555 267 3584 a

150 3691 183 3776 7·
204 3713 279 3777 111.
303 3733 318 3762 a
341 3696 485 3783 Quibus
504 3697 621 3797 igitur
639 3696 795 3772 testibus
813 3695 956 3772 factum
973 3696 1019 3773 de
1037 3722 1110 3798 quo
1128 3697 1242 3773 disse-

103 3829 232 3922 rimus
252 3833 387 3935 quihus
401 3831 680 3934 fidejussoribus
699 3831 855 3908 nititur?
874 3833 958 3906 Non
976 3832 1061 3908 aliis
1079 3827 1259 3934 protecto

105 3988 214 4065 quam
240 3967 498 4056 Semiarianis,
525 3967 561 4043 id
589 3970 644 4042 est
670 3964 883 4042 hominibus
909 3965 1132 4040 Iaonrousr'oa
1158 3965 1244 4065 reji-

106 4101 297 4192 cientibus
322 4127 482 4204 quorum
500 4101 656 4205 proinde
673 4101 853 4177 intererat
870 4103 912 4176 ut
929 4098 1026 4201 quod
1045 4099 1116 4200 ipsi
1135 4099 1245 4174 facie-

106 4233 207 4327 bant,
230 4238 328 4315 idem
352 4236 442 4313 olim
462 4234 689 4313 Antiocheni
707 4235 842 4312 Patres
865 4232 995 4308 fecisse
1014 4231 1242 4309 viderentur.

136 4486 166 4552 (1)
179 4487 210 4539 Ρ.
223 4486 254 4537 G.
270 4487 289 4536 t.
302 4485 362 4537 XX.
377 4500 404 4550 p.
420 4486 490 4535 1535.
724 4483 753 4546 (2)
762 4479 822 4530 vid.
834 4493 918 4544 supra
930 4493 992 4544 pag.
1006 4479 1062 4529 279.
1077 4481 1132 4528 not.
1146 4479 1169 4528 3.
