3132 5140
365 425 422 485 lad
605 440 675 485 mss.
700 441 740 484 nr.
765 441 801 484 na
823 439 951 486 iluurons
972 421 1274 486 curiosoruouumou.

336 669 338 676 ,
363 604 663 683 distributionem
690 604 811 706 magis
834 605 1069 707 ingeniosam
1093 629 1173 682 esse
1200 629 1314 706 quam
1338 605 1515 707 probabi-

361 738 436 816 lem
453 742 577 842 pauci,
597 741 720 830 crede,
741 741 1013 818 diffitebuntur.

413 919 450 1002 2.
480 919 622 998 Deinde
651 917 862 1019 opinionem
893 942 1001 994 suam
1031 917 1077 993 de
1111 919 1222 992 aetate
1252 941 1327 1017 qua
1361 918 1514 1018 scripsit

361 1059 493 1132 auctor
522 1055 648 1129 noster
675 1051 816 1128 directe
846 1052 899 1128 ita
928 1053 1088 1154 probare
1118 1051 1253 1127 nititur
1284 1051 1329 1126 P.
1363 1052 1512 1128 Armel-

360 1189 427 1265 lini
446 1191 496 1287 (1).
518 1188 660 1262 Auctor
676 1189 820 1263 Philas.
849 1187 915 1262 IX.
942 1192 1014 1263 13:
1039 1221 1055 1252 ιι
1078 1186 1204 1288 Hujus
1231 1185 1305 1262 viri
1329 1186 1511 1288 [Callisti]

363 1361 378 1390 ιι
399 1323 571 1401 doctrina
587 1347 654 1424 per
670 1326 791 1400 totum
808 1322 990 1398 mundum
1017 1320 1215 1421 divulgata
1233 1321 1323 1420 (ait),
1343 1321 1407 1398 vir
1433 1321 1511 1424 qui-

362 1497 378 1528 »
400 1461 486 1537 dam
504 1462 652 1536 astutus
670 1463 707 1535 et
732 1457 930 1560 pravitatis
948 1456 1094 1559 plenus
1115 1455 1176 1533 cui
1195 1481 1329 1534 nomen
1347 1457 1509 1534 Alcibia-

363 1633 378 1661 ιι
400 1595 471 1684 dis,
492 1593 666 1670 habitans
684 1594 861 1695 Apameae
880 1592 1017 1694 Syriae,
1046 1596 1243 1694 postquam
1261 1593 1507 1670 machinatio-

362 1765 378 1794 ιι
400 1753 485 1805 nem
502 1728 598 1805 vidit
604 1789 675 1817 .....
696 1727 836 1830 prodiit
862 1727 996 1806 Romae
1014 1727 1137 1804 ferens
1156 1727 1309 1815 librum,
1330 1727 1507 1806 dictitans

361 1901 377 1930 ιι
400 1863 561 1940 hunc...
595 1863 783 1964 accepisse
812 1863 936 1939 virum
968 1862 1166 1964 quemdam
1191 1865 1338 1965 justum
1370 1863 1505 1940 Elcha·

361 2033 377 2062 ιι
399 1996 499 2072 sai...
529 2032 545 2060 ιι
567 1999 620 2094 (a).
652 1995 908 2072 Theodoretus
934 2021 1024 2072 vero
1047 1999 1113 2095 (3):
1145 2031 1160 2062 ι
1189 1996 1382 2074 Adversus
1410 1997 1504 2074 hanc

360 2133 572 2208 ”haeresim
600 2130 933 2232 [lllchasaitarum]
963 2156 1051 2208 vere
1082 2132 1160 2230 (ait)
1191 2131 1342 2235 scripsit
1372 2131 1502 2232 Orige-

359 2303 375 2334 ιι
397 2293 481 2358 nes;
515 2293 597 2345 eam
627 2293 717 2344 vero
743 2267 955 2346 Alcibiades
985 2270 1032 2346 ab
1061 2271 1153 2346 urbe
1184 2269 1305 2372 Syriae
1335 2272 1503 2373 Apamea

359 2440 375 2470 ι
397 2405 586 2506 profectus
608 2405 873 2508 propugnavit.
898 2441 913 2469 ιι
943 2405 1111 2506 Denique
1128 2405 1208 2507 ipse
1227 2404 1412 2504 Origenes
1435 2408 1497 2502 ld:

358 2581 374 2608 ι
397 2544 573 2632 Quidam,
600 2544 735 2645 inquit,
761 2569 880 2646 nuper
905 2543 1059 2620 advenit
1075 2544 1120 2619 de
1142 2568 1181 2619 se
1204 2543 1283 2646 ipse
1304 2543 1500 2644 magnifice

357 2716 373 2745 ι
395 2681 570 2769 sentiens,
599 2686 728 2784 utpote
746 2683 809 2783 qui
828 2683 982 2785 impiam
1009 2687 1045 2758 et
1067 2681 1251 2758 nefariam
1269 2680 1498 2757 Helcesaita-
1553 2785 1554 2798 ἵ

358 2850 373 2880 n
396 2839 481 2891 rum
504 2816 731 2917 opinionem,
757 2842 842 2919 quae
864 2817 1045 2894 adversus
1069 2815 1265 2892 ecclesiam
1290 2839 1419 2890 recens
1443 2838 1497 2890 co-

357 2985 373 3014 ι
394 2952 477 3025 orta
511 2954 579 3039 est,
612 2951 730 3053 possit
759 2951 968 3028 defendere.
1005 2987 1021 3018 n
1056 2997 1103 3007 —
1134 2951 1192 3028 Ex
1223 2949 1282 3025 his
1312 2945 1497 3026 concludit

353 3085 399 3162 P.
415 3085 627 3176 Armellini,
647 3086 879 3165 Alcibiadem
898 3086 1020 3175 illum,
1040 3087 1085 3162 de
1102 3112 1175 3188 quo
1189 3090 1320 3164 auctor
1337 3089 1495 3168 Palea,

274 3251 278 3260 ·
352 3245 433 3297 esse
457 3222 629 3298 eumdem
654 3247 740 3299 eum
759 3223 935 3301 haeretico
962 3222 1180 3300 Elchasaita
1206 3223 1251 3299 de
1268 3248 1341 3324 quo
1368 3222 1495 3321 Orige-

352 3379 429 3430 nes.
453 3355 593 3432 Deinde
610 3357 665 3434 ita
682 3359 805 3460 pergit
826 3389 832 3434 :
854 3393 870 3424 ιι
888 3359 1015 3446 Quare
1032 3365 1201 3460 superest
1222 3362 1265 3435 ut
1288 3357 1492 3442 videamus,

352 3489 453 3566 intra
483 3490 581 3590 quod
608 3492 773 3593 spatium
798 3492 904 3570 illam
930 3493 1104 3570 haeresim
1134 3493 1289 3571 collocet
1314 3493 1493 3572 Eusebius

352 3622 416 3724 qui
443 3621 512 3699 hoc
543 3623 718 3725 Origenis
743 3627 999 3704 testimonium
1029 3628 1238 3730 posteritati
1268 3630 1489 3707 servavit...

350 3759 373 3835 J
376 3782 438 3834 am
464 3783 554 3837 vero
572 3759 757 3839 Eusebius
775 3764 989 3841 restitutam
1007 3764 1053 3841 ab
1071 3763 1263 3840 Alcibiade
1284 3769 1425 3843 sectam
1442 3754 1489 3838 in·
1549 3833 1550 3846 ι

350 3897 408 3970 ter
424 3918 541 3971 annos
564 3897 666 3975 tertii
685 3898 800 3976 seculi
827 3900 1157 4002 quadragesimum
1175 3905 1321 3977 sextum
1347 3905 1387 3980 et
1407 3923 1489 4002 qua·

350 4027 604 4128 dragesimum
628 4056 769 4110 nonum
791 4034 886 4112 citra
912 4034 1186 4112 haesitationem
1211 4032 1382 4112 collocat.
1414 4030 1486 4112 Nisi

380 4275 410 4339 (ι)
423 4276 494 4326 Ibid.
508 4291 568 4343 cap.
582 4280 621 4330 27.
938 4298 964 4348 p.
975 4285 1044 4345 ³931.

379 4368 548 4436 (pappant.
562 4389 625 4441 pag.
639 4373 679 4428 1⁷.
968 4381 999 4446 (ι)
1019 4383 1071 4447 Ap.
1091 4383 1156 4434 Eus.
1174 4379 1210 4434 Η.
1232 4379 1267 4433 Ε.
1289 4379 1336 4432 vl.
1356 4383 1390 4434 38
1405 4379 1443 4442 (Ρ.
1456 4373 1483 4424 G·

379 4459 902 4531 (³)Haer.Fae.11.r(P.G.t.Lxxxlll.
938 4471 958 4522 t.
971 4471 1032 4524 xx.
1046 4488 1072 4538 p.
1084 4473 1152 4536 aas).
