3132 5140
342 406 423 472 hob
618 425 687 470 mss.
713 426 750 471 ιν.
774 425 811 472 nr
832 425 929 474 lctus.
953 427 1019 474 lov.
1041 425 1206 474 matiscon.

341 593 535 695 delapsum
564 592 824 695 deponendum
856 619 949 671 esse.
979 597 1079 672 Nam
1104 601 1142 674 et
1164 595 1245 673 haec
1270 601 1432 700 peccata
1453 597 1490 674 in

340 726 562 828 quibusdam
580 725 745 802 ecclesiis
760 728 851 804 satis
865 727 1091 832 multiplicia
1103 734 1222 808 erant.
1240 730 1300 808 En
1314 755 1489 833 quaenam

339 867 533 940 enumeret
559 863 861 940 Taurummnus
887 867 953 963 (1):
987 901 1002 930 a
1029 865 1136 942 Perit
1160 864 1278 966 igitur
1303 869 1342 942 et
1369 863 1488 942 fidelis

342 996 529 1098 ”elapsus
559 996 599 1072 in
622 995 878 1098 spectaculum
909 990 1142 1101 quadrigarii
1172 1000 1311 1077 furoris
1343 1005 1384 1077 ci
1413 999 1487 1100 gla-
1549 1049 1550 1060 2

342 1179 358 1206 .-
379 1141 529 1217 diatorii
570 1138 716 1215 cruoris
754 1143 791 1214 et
829 1140 986 1218 scehicae
1027 1141 1206 1218 foeditatis
1250 1147 1287 1218 et
1326 1140 1485 1242 xysticae
1549 1225 1550 1228 Ἴ

341 1276 572 1364 ννειῃίίαῒίε,
605 1279 671 1352 aut
701 1273 732 1350 si
759 1274 799 1350 in
820 1275 940 1366 lusus,
968 1277 1006 1354 in
1028 1277 1202 1354 convivia
1223 1276 1410 1354 secularis
1433 1301 1485 1352 so
1549 1379 1550 1390 ἢ

340 1451 355 1479 n
377 1413 596 1501 lemnitetis,
621 1413 660 1489 in
677 1412 857 1502 officium,
877 1417 916 1490 in
938 1415 1190 1491 ministerium
1212 1413 1347 1491 alienae
1372 1412 1484 1489 idolo
1549 1403 1550 1482 ³

339 1584 354 1613 n
372 1546 494 1624 latriae
507 1547 653 1649 aliquas
668 1552 768 1624 artes
781 1547 953 1626 adhibuit
966 1549 1208 1652 curiositatis
1224 1549 1254 1626 si
1270 1549 1310 1625 in
1323 1549 1481 1626 verbum
1549 1617 1550 1620 ,

338 1723 353 1752 »ν
375 1685 548 1787 ancipitis
570 1685 779 1786 negationis
798 1691 864 1762 aut
881 1685 1125 1788 blasphemiae
1143 1687 1312 1789 impegit.
1332 1687 1395 1764 Oh
1409 1683 1482 1761 tale

338 1822 463 1924 »quid
494 1825 602 1898 extra
630 1845 782 1922 gregem
812 1821 923 1898 datus
949 1827 1006 1898 est
1035 1820 1095 1898 vel
1121 1822 1260 1924 etipse
1285 1819 1478 1904 fortene,

337 1994 352 2022 a
374 1961 534 2045 tumore,
559 1957 811 2046 aemulatione,
832 1959 930 2059 quod
948 1960 1107 2061 denique
1128 1985 1226 2062 saepe
1244 1959 1299 2048 fit,
1320 1958 1478 2057 denega·
1549 1975 1550 1986 ¹

338 2095 477 2170 »tione
506 2093 763 2192 castigationis
794 2094 956 2196 abrupit.
986 2131 1002 2160 a
1027 2094 1186 2196 Scripsit
1215 2093 1368 2196 quidem
1399 2091 1478 2166 haec

334 2228 590 2306 Tertullianus
611 2227 863 2316 hlontanista3
889 2231 1053 2305 attamen
1077 2227 1293 2330 hujusmodi
1314 2222 1474 2326 discipli·

332 2387 419 2439 nam
444 2363 557 2438 etiam
581 2361 681 2464 apud
706 2361 910 2438 catholicos
932 2362 1098 2463 viguisse
1115 2361 1353 2439 concluditur
1371 2385 1418 2436 ex
1434 2382 1474 2432 eo
1549 2367 1550 2380 *

331 2499 428 2600 quod
448 2497 703 2575 Tertullianus
723 2497 808 2575 inde
826 2502 1104 2598 argumentum,
1131 2503 1174 2575 ut
1196 2497 1317 2586 aiunt,
1344 2495 1393 2572 ad
1414 2494 1474 2569 ho·

330 2631 468 2708 minem
492 2635 623 2709 contra
646 2630 843 2709 ecclesiam
865 2631 1092 2709 catholicam
1117 2633 1346 2708 desumebat.
1376 2630 1473 2709 Rur-

330 2793 393 2842 sus
417 2771 508 2867 quot
528 2765 649 2842 turbis
673 2767 818 2842 occasio
841 2766 930 2843 data
947 2766 1079 2842 fuisset
1101 2766 1133 2842 si
1155 2766 1296 2842 crimen
1322 2757 1470 2864 aliquod
1549 2757 1550 2844 ἶ

330 2904 442 3005 hujus
464 2904 611 3006 generis
634 2905 812 3007 episcopo
835 2905 1063 3006 imputatum
1093 2905 1184 2982 satis
1215 2903 1348 2980 fuisset
1379 2903 1420 2976 ut
1440 2895 1469 2970 is

328 3061 351 3113 a
377 3062 445 3152 sua
474 3037 655 3138 dignitate
681 3043 717 3114 et
747 3064 901 3115 munere
935 3040 1116 3115 excidisse
1141 3037 1390 3139 judicaretur.
1425 3075 1468 3086 -
1549 3107 1550 3146 p

328 3172 610 3275 Sapientissime
628 3174 753 3275 itaque
771 3172 891 3250 noluit
910 3173 1090 3251 Callistus
1114 3176 1156 3250 ut
1178 3168 1391 3248 istiusmodi
1409 3189 1466 3265 ge·
1549 3227 1550 3232 ,

326 3307 463 3385 neralis
495 3307 630 3410 regula.
655 3308 908 3396 adhiberetur,
941 3309 1004 3384 sed
1036 3309 1074 3382 in
1104 3307 1237 3408 quovis
1267 3329 1357 3381 casu
1388 3321 1466 3403 par·

325 3444 476 3520 ticulari
506 3445 796 3521 examinandum
828 3443 974 3520 censuit
1003 3467 1093 3518 num
1123 3442 1268 3542 objecta
1297 3439 1465 3540 episcopo

325 3575 483 3653 crimina
506 3602 550 3653 ea
572 3581 694 3654 essent
716 3602 800 3678 quae
825 3577 1092 3679 depositionem
1114 3577 1195 3679 ejus
1213 3575 1415 3674 exigerent.

376 3751 411 3837 7.
433 3757 560 3834 Aliam
584 3756 870 3859 explicationem
896 3757 1098 3834 admodum
1126 3755 1356 3860 probabilem
1384 3774 1462 3854 pro-

323 3891 448 3994 posuit
490 3917 538 3968 ne
573 3891 688 3969 Rossr
723 3895 787 3990 (a).
832 3892 1041 3968 Advertens
1084 3889 1225 3966 scilicet
1266 3887 1305 3962 in
1344 3904 1461 3987 graeco

323 4033 429 4107 textu
466 4033 545 4132 (pro
583 4029 696 4104 verbo
731 4030 935 4126 pracepit,
978 4026 1076 4128 qnod
1112 4025 1271 4102 habetur
1306 4021 1347 4096 in
1383 4039 1460 4094 ver-

356 4349 386 4413 (ι)
398 4347 439 4399 De
451 4345 598 4410 Pudicitia,
611 4363 670 4414 cap.
681 4350 697 4400 7
709 4349 750 4416 (P.
765 4349 796 4400 L.
807 4351 826 4400 t.
841 4349 876 4399 ΙΙ.
944 4347 974 4410 (a)
982 4345 1140 4408 Bolbitino,
1152 4358 1197 4396 an.
1212 4343 1284 4404 1866,
1297 4357 1323 4408 p.
1337 4345 1378 4394 ol.

323 4451 348 4502 p.
362 4438 427 4495 993).
