<?xml version="1.0" encoding="UTF-8"?>
<!DOCTYPE html PUBLIC "-//W3C//DTD XHTML 1.0 Transitional//EN"
    "http://www.w3.org/TR/xhtml1/DTD/xhtml1-transitional.dtd">
<html xmlns="http://www.w3.org/1999/xhtml" xml:lang="en" lang="en">
 <head>
  <title>
</title>
<meta http-equiv="Content-Type" content="text/html;charset=utf-8" />
  <meta name='ocr-system' content='tesseract 3.04.00' />
  <meta name='ocr-capabilities' content='ocr_page ocr_carea ocr_par ocr_line ocrx_word'/>
</head>
<body>
  <div class='ocr_page' id='page_1' title='image "./dissertationess00smedgoog_0114.png"; bbox 0 0 3170 5134; ppageno 0'>
   <div class='ocr_carea' id='block_1_1' title="bbox 285 461 1242 519">
    <p class='ocr_par' dir='ltr' id='par_1_1' title="bbox 285 461 1242 519">
     <span class='ocr_line' id='line_1_1' title="bbox 285 461 1242 519; baseline 0.014 -12"><span class='ocrx_word' id='word_1_1' title='bbox 285 462 345 508; x_wconf 74' lang='lat' dir='ltr'>cnr.</span> <span class='ocrx_word' id='word_1_2' title='bbox 370 463 389 507; x_wconf 92' lang='grc'>1.</span> <span class='ocrx_word' id='word_1_3' title='bbox 412 461 468 518; x_wconf 86' lang='grc'>333</span> <span class='ocrx_word' id='word_1_4' title='bbox 489 463 620 509; x_wconf 78' lang='grc'>1111131111</span> <span class='ocrx_word' id='word_1_5' title='bbox 641 462 752 510; x_wconf 82' lang='lat' dir='ltr'>sarcos.</span> <span class='ocrx_word' id='word_1_6' title='bbox 776 464 946 512; x_wconf 81' lang='lat' dir='ltr'>mnscnurn</span> <span class='ocrx_word' id='word_1_7' title='bbox 968 467 1042 516; x_wconf 82' lang='grc'>31111.</span> <span class='ocrx_word' id='word_1_8' title='bbox 1204 461 1242 519; x_wconf 76' lang='lat' dir='ltr'>aa</span> 
     </span>
    </p>
   </div>
   <div class='ocr_carea' id='block_1_2' title="bbox 17 640 1239 884">
    <p class='ocr_par' dir='ltr' id='par_1_2' title="bbox 17 599 1239 884">
     <span class='ocr_line' id='line_1_2' title="bbox 103 640 1239 746; baseline 0.02 -34.241"><span class='ocrx_word' id='word_1_9' title='bbox 103 640 403 738; x_wconf 76' lang='lat' dir='ltr'>prorsus&#39;aetatis</span> <span class='ocrx_word' id='word_1_10' title='bbox 433 641 625 719; x_wconf 90' lang='lat' dir='ltr'>hominem</span> <span class='ocrx_word' id='word_1_11' title='bbox 655 641 793 720; x_wconf 88' lang='lat' dir='ltr'>referat</span> <span class='ocrx_word' id='word_1_12' title='bbox 822 671 830 720; x_wconf 90' lang='lat'><strong>:</strong></span> <span class='ocrx_word' id='word_1_13' title='bbox 859 646 957 746; x_wconf 92' lang='lat' dir='ltr'>quod</span> <span class='ocrx_word' id='word_1_14' title='bbox 987 647 1027 724; x_wconf 96' lang='lat' dir='ltr'>in</span> <span class='ocrx_word' id='word_1_15' title='bbox 1058 650 1239 736; x_wconf 90' lang='lat' dir='ltr'>historica</span> 
     </span>
     <span class='ocr_line' id='line_1_3' title="bbox 17 775 1238 884; baseline 0.021 -36"><span class='ocrx_word' id='word_1_16' title='bbox 17 779 18 816; x_wconf 63' lang='lat'>¹</span> <span class='ocrx_word' id='word_1_17' title='bbox 102 775 176 876; x_wconf 91' lang='lat' dir='ltr'>ejus</span> <span class='ocrx_word' id='word_1_18' title='bbox 193 775 274 854; x_wconf 86' lang='lat' dir='ltr'>libri</span> <span class='ocrx_word' id='word_1_19' title='bbox 292 779 545 880; x_wconf 81' lang='lat' dir='ltr'>recognitione</span> <span class='ocrx_word' id='word_1_20' title='bbox 562 805 612 856; x_wconf 86' lang='lat' dir='ltr'>nn</span> <span class='ocrx_word' id='word_1_21' title='bbox 630 779 746 859; x_wconf 78' lang='grc'>113331</span> <span class='ocrx_word' id='word_1_22' title='bbox 764 784 802 881; x_wconf 85' lang='grc'>(1)</span> <span class='ocrx_word' id='word_1_23' title='bbox 820 781 868 858; x_wconf 91' lang='lat' dir='ltr'>ad</span> <span class='ocrx_word' id='word_1_24' title='bbox 885 781 1070 884; x_wconf 90' lang='lat' dir='ltr'>liquidum</span> <span class='ocrx_word' id='word_1_25' title='bbox 1088 790 1238 874; x_wconf 93' lang='lat' dir='ltr'>demon-</span> 
     </span>
    </p>
   </div>
   <div class='ocr_carea' id='block_1_3' title="bbox 17 913 1240 1136">
    <p class='ocr_par' dir='ltr' id='par_1_3' title="bbox 17 913 1240 1136">
     <span class='ocr_line' id='line_1_4' title="bbox 102 913 1240 1019; baseline 0.023 -35"><span class='ocrx_word' id='word_1_26' title='bbox 102 913 239 990; x_wconf 86' lang='lat' dir='ltr'>stravit.</span> <span class='ocrx_word' id='word_1_27' title='bbox 261 913 337 1002; x_wconf 82' lang='lat' dir='ltr'>Sic,</span> <span class='ocrx_word' id='word_1_28' title='bbox 357 918 400 992; x_wconf 91' lang='lat' dir='ltr'>ut</span> <span class='ocrx_word' id='word_1_29' title='bbox 417 939 538 1016; x_wconf 91' lang='lat' dir='ltr'>pauca</span> <span class='ocrx_word' id='word_1_30' title='bbox 555 914 728 1018; x_wconf 88' lang='lat' dir='ltr'>quaedam</span> <span class='ocrx_word' id='word_1_31' title='bbox 744 917 792 994; x_wconf 91' lang='lat' dir='ltr'>ad</span> <span class='ocrx_word' id='word_1_32' title='bbox 811 918 998 1019; x_wconf 81' lang='lat' dir='ltr'>specimen</span> <span class='ocrx_word' id='word_1_33' title='bbox 1017 947 1240 1010; x_wconf 88' lang='lat' dir='ltr'>commemo·</span> 
     </span>
     <span class='ocr_line' id='line_1_5' title="bbox 17 1067 231 1136; baseline 0.037 -21"><span class='ocrx_word' id='word_1_34' title='bbox 17 1129 18 1136; x_wconf 46' lang='lat'>.</span> <span class='ocrx_word' id='word_1_35' title='bbox 102 1067 231 1135; x_wconf 90' lang='lat' dir='ltr'>remus,</span> 
     </span>
    </p>
   </div>
   <div class='ocr_carea' id='block_1_4' title="bbox 17 1216 1292 2267">
    <p class='ocr_par' dir='ltr' id='par_1_4' title="bbox 17 1216 1292 2267">
     <span class='ocr_line' id='line_1_6' title="bbox 143 1216 1240 1314; baseline 0.018 -20"><span class='ocrx_word' id='word_1_36' title='bbox 143 1245 180 1294; x_wconf 73' lang='lat' dir='ltr'>a.</span> <span class='ocrx_word' id='word_1_37' title='bbox 213 1216 347 1295; x_wconf 85' lang='lat' dir='ltr'>Refert</span> <span class='ocrx_word' id='word_1_38' title='bbox 391 1222 524 1295; x_wconf 86' lang='lat' dir='ltr'>auctor</span> <span class='ocrx_word' id='word_1_39' title='bbox 558 1219 760 1297; x_wconf 77' lang='lat' dir='ltr'>Callistum</span> <span class='ocrx_word' id='word_1_40' title='bbox 810 1221 935 1300; x_wconf 91' lang='lat' dir='ltr'>adhuc</span> <span class='ocrx_word' id='word_1_41' title='bbox 969 1225 1240 1314; x_wconf 78' lang='lat' dir='ltr'>adolescentem</span> 
     </span>
     <span class='ocr_line' id='line_1_7' title="bbox 17 1331 1292 1472; baseline 0.024 -52"><span class='ocrx_word' id='word_1_42' title='bbox 17 1331 18 1344; x_wconf 73' lang='lat'>.</span> <span class='ocrx_word' id='word_1_43' title='bbox 101 1347 208 1426; x_wconf 88' lang='lat' dir='ltr'>luisse</span> <span class='ocrx_word' id='word_1_44' title='bbox 240 1375 394 1429; x_wconf 86' lang='lat' dir='ltr'>servum</span> <span class='ocrx_word' id='word_1_45' title='bbox 428 1351 664 1456; x_wconf 81' lang='lat' dir='ltr'>Carpophori</span> <span class='ocrx_word' id='word_1_46' title='bbox 698 1357 896 1458; x_wconf 91' lang='lat' dir='ltr'>cujusdam</span> <span class='ocrx_word' id='word_1_47' title='bbox 932 1359 1140 1443; x_wconf 79' lang='lat' dir='ltr'>Christiani</span> <span class='ocrx_word' id='word_1_48' title='bbox 1175 1373 1239 1472; x_wconf 92' lang='lat' dir='ltr'>qui</span> <span class='ocrx_word' id='word_1_49' title='bbox 1286 1336 1292 1349; x_wconf 40' lang='lat'>⁸</span> 
     </span>
     <span class='ocr_line' id='line_1_8' title="bbox 17 1484 1241 1591; baseline 0.021 -35"><span class='ocrx_word' id='word_1_50' title='bbox 17 1565 19 1576; x_wconf 30' lang='lat'><strong>¹</strong></span> <span class='ocrx_word' id='word_1_51' title='bbox 101 1487 176 1560; x_wconf 88' lang='lat' dir='ltr'>erat</span> <span class='ocrx_word' id='word_1_52' title='bbox 191 1507 211 1560; x_wconf 90' lang='lat' dir='ltr'>e</span> <span class='ocrx_word' id='word_1_53' title='bbox 229 1485 376 1562; x_wconf 86' lang='lat' dir='ltr'>familia</span> <span class='ocrx_word' id='word_1_54' title='bbox 394 1484 558 1564; x_wconf 81' lang='lat' dir='ltr'>Caesaris</span> <span class='ocrx_word' id='word_1_55' title='bbox 577 1489 627 1586; x_wconf 79' lang='grc'>(3).</span> <span class='ocrx_word' id='word_1_56' title='bbox 650 1487 761 1567; x_wconf 87' lang='lat' dir='ltr'>Certe</span> <span class='ocrx_word' id='word_1_57' title='bbox 782 1490 815 1566; x_wconf 93' lang='lat' dir='ltr'>si</span> <span class='ocrx_word' id='word_1_58' title='bbox 834 1491 922 1591; x_wconf 92' lang='lat' dir='ltr'>quid</span> <span class='ocrx_word' id='word_1_59' title='bbox 941 1492 1002 1570; x_wconf 92' lang='lat' dir='ltr'>hic</span> <span class='ocrx_word' id='word_1_60' title='bbox 1020 1521 1066 1573; x_wconf 89' lang='lat' dir='ltr'>ex</span> <span class='ocrx_word' id='word_1_61' title='bbox 1083 1502 1241 1582; x_wconf 90' lang='lat' dir='ltr'>arbitrio</span> 
     </span>
     <span class='ocr_line' id='line_1_9' title="bbox 17 1617 1239 1735; baseline 0.017 -43"><span class='ocrx_word' id='word_1_62' title='bbox 17 1675 18 1680; x_wconf 44' lang='grc'>.</span> <span class='ocrx_word' id='word_1_63' title='bbox 98 1617 299 1696; x_wconf 84' lang='lat' dir='ltr'>confectum</span> <span class='ocrx_word' id='word_1_64' title='bbox 329 1619 474 1696; x_wconf 88' lang='lat' dir='ltr'>censeri</span> <span class='ocrx_word' id='word_1_65' title='bbox 503 1625 641 1722; x_wconf 90' lang='lat' dir='ltr'>posset,</span> <span class='ocrx_word' id='word_1_66' title='bbox 669 1622 707 1699; x_wconf 94' lang='lat' dir='ltr'>id</span> <span class='ocrx_word' id='word_1_67' title='bbox 732 1624 943 1724; x_wconf 85' lang='lat' dir='ltr'>praesertim</span> <span class='ocrx_word' id='word_1_68' title='bbox 973 1634 1070 1707; x_wconf 87' lang='lat' dir='ltr'>esset</span> <span class='ocrx_word' id='word_1_69' title='bbox 1098 1634 1239 1735; x_wconf 89' lang='lat' dir='ltr'>privati</span> 
     </span>
     <span class='ocr_line' id='line_1_10' title="bbox 101 1751 1240 1857; baseline 0.016 -27"><span class='ocrx_word' id='word_1_70' title='bbox 101 1751 254 1832; x_wconf 92' lang='lat' dir='ltr'>hominis</span> <span class='ocrx_word' id='word_1_71' title='bbox 276 1780 412 1832; x_wconf 87' lang='lat' dir='ltr'>nomen</span> <span class='ocrx_word' id='word_1_72' title='bbox 435 1756 534 1857; x_wconf 90' lang='lat' dir='ltr'>quod</span> <span class='ocrx_word' id='word_1_73' title='bbox 556 1756 675 1833; x_wconf 88' lang='lat' dir='ltr'>obiter</span> <span class='ocrx_word' id='word_1_74' title='bbox 702 1762 945 1836; x_wconf 88' lang='lat' dir='ltr'>memoratur.</span> <span class='ocrx_word' id='word_1_75' title='bbox 973 1761 1045 1838; x_wconf 88' lang='lat' dir='ltr'>Sed</span> <span class='ocrx_word' id='word_1_76' title='bbox 1063 1763 1240 1848; x_wconf 89' lang='lat' dir='ltr'>laudatus</span> 
     </span>
     <span class='ocr_line' id='line_1_11' title="bbox 17 1867 1239 1996; baseline 0.016 -34"><span class='ocrx_word' id='word_1_77' title='bbox 17 1907 18 1930; x_wconf 60' lang='lat'>¹</span> <span class='ocrx_word' id='word_1_78' title='bbox 99 1891 352 1992; x_wconf 87' lang='lat' dir='ltr'>archaeologus</span> <span class='ocrx_word' id='word_1_79' title='bbox 379 1867 527 1968; x_wconf 89' lang='lat' dir='ltr'>monuit</span> <span class='ocrx_word' id='word_1_80' title='bbox 553 1917 593 1968; x_wconf 91' lang='lat' dir='ltr'>se</span> <span class='ocrx_word' id='word_1_81' title='bbox 620 1891 758 1969; x_wconf 91' lang='lat' dir='ltr'>habere</span> <span class='ocrx_word' id='word_1_82' title='bbox 782 1892 1062 1996; x_wconf 87' lang='lat' dir='ltr'>inscriptionem</span> <span class='ocrx_word' id='word_1_83' title='bbox 1087 1899 1125 1976; x_wconf 92' lang='lat' dir='ltr'>in</span> <span class='ocrx_word' id='word_1_84' title='bbox 1151 1928 1239 1982; x_wconf 90' lang='lat' dir='ltr'>suas</span> 
     </span>
     <span class='ocr_line' id='line_1_12' title="bbox 98 2027 1239 2133; baseline 0.016 -32"><span class='ocrx_word' id='word_1_85' title='bbox 98 2027 247 2105; x_wconf 87' lang='lat' dir='ltr'>schedas</span> <span class='ocrx_word' id='word_1_86' title='bbox 271 2029 445 2120; x_wconf 86' lang='lat' dir='ltr'>relatam,</span> <span class='ocrx_word' id='word_1_87' title='bbox 471 2053 546 2130; x_wconf 90' lang='lat' dir='ltr'>qua</span> <span class='ocrx_word' id='word_1_88' title='bbox 564 2029 832 2132; x_wconf 91' lang='lat' dir='ltr'>Carpophorus</span> <span class='ocrx_word' id='word_1_89' title='bbox 850 2031 1003 2133; x_wconf 90' lang='lat' dir='ltr'>quidam</span> <span class='ocrx_word' id='word_1_90' title='bbox 1021 2035 1143 2114; x_wconf 91' lang='lat' dir='ltr'>Marci</span> <span class='ocrx_word' id='word_1_91' title='bbox 1161 2043 1239 2118; x_wconf 83' lang='lat' dir='ltr'>Au-</span> 
     </span>
     <span class='ocr_line' id='line_1_13' title="bbox 17 2163 984 2267; baseline 0.006 -27"><span class='ocrx_word' id='word_1_92' title='bbox 17 2237 18 2240; x_wconf 63' lang='lat'>,</span> <span class='ocrx_word' id='word_1_93' title='bbox 99 2163 175 2240; x_wconf 88' lang='lat' dir='ltr'>relii</span> <span class='ocrx_word' id='word_1_94' title='bbox 193 2165 269 2267; x_wconf 80' lang='lat' dir='ltr'>(qui</span> <span class='ocrx_word' id='word_1_95' title='bbox 287 2165 380 2242; x_wconf 89' lang='lat' dir='ltr'>obiit</span> <span class='ocrx_word' id='word_1_96' title='bbox 397 2189 458 2241; x_wconf 90' lang='lat' dir='ltr'>an.</span> <span class='ocrx_word' id='word_1_97' title='bbox 484 2168 563 2263; x_wconf 89' lang='grc'>180)</span> <span class='ocrx_word' id='word_1_98' title='bbox 581 2164 737 2243; x_wconf 83' lang='grc'>11131133</span> <span class='ocrx_word' id='word_1_99' title='bbox 755 2167 984 2246; x_wconf 89' lang='lat' dir='ltr'>nominatur.</span> 
     </span>
    </p>
   </div>
   <div class='ocr_carea' id='block_1_5' title="bbox 17 2334 1240 2592">
    <p class='ocr_par' dir='ltr' id='par_1_5' title="bbox 17 2334 1240 2592">
     <span class='ocr_line' id='line_1_14' title="bbox 17 2334 1240 2460; baseline 0.008 -46"><span class='ocrx_word' id='word_1_100' title='bbox 17 2439 19 2460; x_wconf 80' lang='lat'>.</span> <span class='ocrx_word' id='word_1_101' title='bbox 141 2347 173 2413; x_wconf 83' lang='lat' dir='ltr'>b.</span> <span class='ocrx_word' id='word_1_102' title='bbox 193 2334 288 2422; x_wconf 82' lang='lat' dir='ltr'>Quae</span> <span class='ocrx_word' id='word_1_103' title='bbox 306 2335 354 2412; x_wconf 91' lang='lat' dir='ltr'>ab</span> <span class='ocrx_word' id='word_1_104' title='bbox 372 2339 526 2412; x_wconf 89' lang='lat' dir='ltr'>auctore</span> <span class='ocrx_word' id='word_1_105' title='bbox 543 2340 724 2414; x_wconf 89' lang='lat' dir='ltr'>notantur</span> <span class='ocrx_word' id='word_1_106' title='bbox 741 2339 785 2414; x_wconf 91' lang='lat' dir='ltr'>de</span> <span class='ocrx_word' id='word_1_107' title='bbox 803 2338 981 2416; x_wconf 87' lang='lat' dir='ltr'>Fusciani</span> <span class='ocrx_word' id='word_1_108' title='bbox 1005 2341 1240 2424; x_wconf 85' lang='lat' dir='ltr'>animadver-</span> 
     </span>
     <span class='ocr_line' id='line_1_15' title="bbox 17 2471 1239 2592; baseline 0.012 -43"><span class='ocrx_word' id='word_1_109' title='bbox 17 2515 19 2592; x_wconf 57' lang='grc'>)</span> <span class='ocrx_word' id='word_1_110' title='bbox 97 2474 194 2550; x_wconf 89' lang='lat' dir='ltr'>sione</span> <span class='ocrx_word' id='word_1_111' title='bbox 216 2473 256 2549; x_wconf 94' lang='lat' dir='ltr'>in</span> <span class='ocrx_word' id='word_1_112' title='bbox 281 2471 484 2552; x_wconf 89' lang='lat' dir='ltr'>Callistum</span> <span class='ocrx_word' id='word_1_113' title='bbox 501 2477 553 2573; x_wconf 83' lang='grc'>(3),</span> <span class='ocrx_word' id='word_1_114' title='bbox 572 2476 742 2578; x_wconf 91' lang='lat' dir='ltr'>apprime</span> <span class='ocrx_word' id='word_1_115' title='bbox 760 2481 1010 2556; x_wconf 88' lang='lat' dir='ltr'>consentanea</span> <span class='ocrx_word' id='word_1_116' title='bbox 1031 2488 1119 2559; x_wconf 91' lang='lat' dir='ltr'>sunt</span> <span class='ocrx_word' id='word_1_117' title='bbox 1137 2511 1239 2565; x_wconf 77' lang='lat' dir='ltr'>seve</span> 
     </span>
    </p>
   </div>
   <div class='ocr_carea' id='block_1_6' title="bbox 17 2619 568 2723">
    <p class='ocr_par' dir='ltr' id='par_1_6' title="bbox 17 2619 568 2723">
     <span class='ocr_line' id='line_1_16' title="bbox 17 2619 568 2723; baseline 0 -25"><span class='ocrx_word' id='word_1_118' title='bbox 17 2629 19 2698; x_wconf 73' lang='grc' dir='ltr'><strong>ἑ</strong></span> <span class='ocrx_word' id='word_1_119' title='bbox 96 2619 191 2698; x_wconf 87' lang='grc'>111311</span> <span class='ocrx_word' id='word_1_120' title='bbox 210 2619 314 2698; x_wconf 86' lang='lat' dir='ltr'>illius</span> <span class='ocrx_word' id='word_1_121' title='bbox 331 2621 499 2723; x_wconf 86' lang='lat' dir='ltr'>praefecti</span> <span class='ocrx_word' id='word_1_122' title='bbox 518 2625 568 2720; x_wconf 86' lang='grc'>(1).</span> 
     </span>
    </p>
   </div>
   <div class='ocr_carea' id='block_1_7' title="bbox 17 2797 1272 3848">
    <p class='ocr_par' dir='ltr' id='par_1_7' title="bbox 17 2797 1272 3848">
     <span class='ocr_line' id='line_1_17' title="bbox 136 2797 1238 2910; baseline 0.009 -32"><span class='ocrx_word' id='word_1_123' title='bbox 136 2829 166 2878; x_wconf 85' lang='grc'>3.</span> <span class='ocrx_word' id='word_1_124' title='bbox 202 2797 389 2900; x_wconf 82' lang='lat' dir='ltr'>Congruit</span> <span class='ocrx_word' id='word_1_125' title='bbox 422 2798 650 2876; x_wconf 88' lang='lat' dir='ltr'>narrationis</span> <span class='ocrx_word' id='word_1_126' title='bbox 680 2803 879 2876; x_wconf 89' lang='lat' dir='ltr'>contextus</span> <span class='ocrx_word' id='word_1_127' title='bbox 913 2825 1000 2878; x_wconf 88' lang='lat' dir='ltr'>curn</span> <span class='ocrx_word' id='word_1_128' title='bbox 1035 2828 1133 2883; x_wconf 89' lang='lat' dir='ltr'>anno</span> <span class='ocrx_word' id='word_1_129' title='bbox 1163 2834 1238 2910; x_wconf 92' lang='lat' dir='ltr'>quo</span> 
     </span>
     <span class='ocr_line' id='line_1_18' title="bbox 17 2926 1239 3042; baseline 0.01 -33"><span class='ocrx_word' id='word_1_130' title='bbox 17 3009 18 3042; x_wconf 53' lang='lat'>,</span> <span class='ocrx_word' id='word_1_131' title='bbox 95 2926 298 3014; x_wconf 82' lang='lat' dir='ltr'>Fascianus</span> <span class='ocrx_word' id='word_1_132' title='bbox 316 2937 544 3040; x_wconf 84' lang='lat' dir='ltr'>praefectura</span> <span class='ocrx_word' id='word_1_133' title='bbox 561 2938 708 3014; x_wconf 87' lang='lat' dir='ltr'>urbana</span> <span class='ocrx_word' id='word_1_134' title='bbox 725 2937 876 3014; x_wconf 89' lang='lat' dir='ltr'>functus</span> <span class='ocrx_word' id='word_1_135' title='bbox 900 2943 969 3028; x_wconf 88' lang='grc'>331,</span> <span class='ocrx_word' id='word_1_136' title='bbox 990 2963 1032 3016; x_wconf 87' lang='grc'>33</span> <span class='ocrx_word' id='word_1_137' title='bbox 1058 2927 1239 3022; x_wconf 87' lang='lat' dir='ltr'>nimirum</span> 
     </span>
     <span class='ocr_line' id='line_1_19' title="bbox 105 3063 1272 3177; baseline 0.005 -27"><span class='ocrx_word' id='word_1_138' title='bbox 105 3098 212 3173; x_wconf 86' lang='lat' dir='ltr'>quern</span> <span class='ocrx_word' id='word_1_139' title='bbox 238 3098 358 3177; x_wconf 90' lang='lat' dir='ltr'>nuper</span> <span class='ocrx_word' id='word_1_140' title='bbox 383 3072 687 3170; x_wconf 89' lang='lat' dir='ltr'>Bartholomaeus</span> <span class='ocrx_word' id='word_1_141' title='bbox 706 3096 830 3149; x_wconf 88' lang='lat' dir='ltr'>comes</span> <span class='ocrx_word' id='word_1_142' title='bbox 850 3073 1049 3149; x_wconf 83' lang='lat' dir='ltr'>Bononnsr</span> <span class='ocrx_word' id='word_1_143' title='bbox 1073 3100 1119 3151; x_wconf 84' lang='lat' dir='ltr'>ex</span> <span class='ocrx_word' id='word_1_144' title='bbox 1140 3083 1240 3156; x_wconf 85' lang='lat' dir='ltr'>vete·</span> <span class='ocrx_word' id='word_1_145' title='bbox 1269 3063 1272 3074; x_wconf 45' lang='lat'><strong>¹</strong></span> 
     </span>
     <span class='ocr_line' id='line_1_20' title="bbox 95 3185 1239 3289; baseline 0.009 -11"><span class='ocrx_word' id='word_1_146' title='bbox 95 3229 172 3283; x_wconf 89' lang='lat' dir='ltr'>rum</span> <span class='ocrx_word' id='word_1_147' title='bbox 196 3207 390 3284; x_wconf 88' lang='lat' dir='ltr'>memoriis</span> <span class='ocrx_word' id='word_1_148' title='bbox 408 3210 582 3284; x_wconf 89' lang='lat' dir='ltr'>accurate</span> <span class='ocrx_word' id='word_1_149' title='bbox 605 3185 801 3284; x_wconf 82' lang='lat' dir='ltr'>oonst&#39;tuit</span> <span class='ocrx_word' id='word_1_150' title='bbox 821 3231 828 3276; x_wconf 92' lang='lat'>:</span> <span class='ocrx_word' id='word_1_151' title='bbox 850 3204 1027 3288; x_wconf 90' lang='lat' dir='ltr'>isautem</span> <span class='ocrx_word' id='word_1_152' title='bbox 1045 3212 1101 3285; x_wconf 87' lang='lat' dir='ltr'>est</span> <span class='ocrx_word' id='word_1_153' title='bbox 1118 3232 1239 3289; x_wconf 90' lang='lat' dir='ltr'>annus</span> 
     </span>
     <span class='ocr_line' id='line_1_21' title="bbox 94 3337 1239 3443; baseline 0.003 -25"><span class='ocrx_word' id='word_1_154' title='bbox 94 3340 179 3420; x_wconf 89' lang='lat' dir='ltr'>Chr.</span> <span class='ocrx_word' id='word_1_155' title='bbox 213 3349 282 3420; x_wconf 90' lang='grc'>188</span> <span class='ocrx_word' id='word_1_156' title='bbox 305 3346 356 3443; x_wconf 80' lang='lat' dir='ltr'>(a).</span> <span class='ocrx_word' id='word_1_157' title='bbox 386 3342 513 3430; x_wconf 85' lang='lat' dir='ltr'>Quum</span> <span class='ocrx_word' id='word_1_158' title='bbox 535 3342 635 3419; x_wconf 92' lang='lat' dir='ltr'>enim</span> <span class='ocrx_word' id='word_1_159' title='bbox 652 3367 752 3420; x_wconf 93' lang='lat' dir='ltr'>anno</span> <span class='ocrx_word' id='word_1_160' title='bbox 770 3338 836 3417; x_wconf 92' lang='lat' dir='ltr'>illo</span> <span class='ocrx_word' id='word_1_161' title='bbox 854 3337 1036 3418; x_wconf 89' lang='lat' dir='ltr'>Callistus</span> <span class='ocrx_word' id='word_1_162' title='bbox 1054 3342 1093 3418; x_wconf 89' lang='lat' dir='ltr'>in</span> <span class='ocrx_word' id='word_1_163' title='bbox 1112 3344 1239 3423; x_wconf 89' lang='lat' dir='ltr'>Sardi-</span> 
     </span>
     <span class='ocr_line' id='line_1_22' title="bbox 17 3475 1238 3579; baseline 0.006 -30"><span class='ocrx_word' id='word_1_164' title='bbox 17 3483 19 3522; x_wconf 58' lang='lat' dir='ltr'>i</span> <span class='ocrx_word' id='word_1_165' title='bbox 93 3475 190 3553; x_wconf 91' lang='lat' dir='ltr'>niam</span> <span class='ocrx_word' id='word_1_166' title='bbox 218 3478 437 3579; x_wconf 84' lang='lat' dir='ltr'>deportatus</span> <span class='ocrx_word' id='word_1_167' title='bbox 463 3477 591 3567; x_wconf 88' lang='lat' dir='ltr'>fuerit,</span> <span class='ocrx_word' id='word_1_168' title='bbox 625 3481 668 3554; x_wconf 90' lang='lat' dir='ltr'>ut</span> <span class='ocrx_word' id='word_1_169' title='bbox 697 3476 812 3552; x_wconf 87' lang='lat' dir='ltr'>refert</span> <span class='ocrx_word' id='word_1_170' title='bbox 843 3478 988 3565; x_wconf 91' lang='lat' dir='ltr'>auctor,</span> <span class='ocrx_word' id='word_1_171' title='bbox 1018 3479 1131 3577; x_wconf 89' lang='lat' dir='ltr'>atque</span> <span class='ocrx_word' id='word_1_172' title='bbox 1151 3479 1238 3557; x_wconf 95' lang='lat' dir='ltr'>inde</span> 
     </span>
     <span class='ocr_line' id='line_1_23' title="bbox 17 3608 1233 3726; baseline 0.003 -40"><span class='ocrx_word' id='word_1_173' title='bbox 17 3707 19 3726; x_wconf 81' lang='lat'>.</span> <span class='ocrx_word' id='word_1_174' title='bbox 93 3635 159 3688; x_wconf 93' lang='lat' dir='ltr'>non</span> <span class='ocrx_word' id='word_1_175' title='bbox 189 3612 311 3690; x_wconf 88' lang='lat' dir='ltr'>serius</span> <span class='ocrx_word' id='word_1_176' title='bbox 337 3637 436 3690; x_wconf 92' lang='lat' dir='ltr'>anno</span> <span class='ocrx_word' id='word_1_177' title='bbox 470 3618 552 3703; x_wconf 74' lang='lat'>192,</span> <span class='ocrx_word' id='word_1_178' title='bbox 587 3608 782 3692; x_wconf 90' lang='lat' dir='ltr'>Commodi</span> <span class='ocrx_word' id='word_1_179' title='bbox 810 3609 1053 3711; x_wconf 90' lang='lat' dir='ltr'>Imperatoris</span> <span class='ocrx_word' id='word_1_180' title='bbox 1085 3609 1233 3708; x_wconf 92' lang='lat' dir='ltr'>ultim0,</span> 
     </span>
     <span class='ocr_line' id='line_1_24' title="bbox 17 3727 1236 3848; baseline 0.002 -28"><span class='ocrx_word' id='word_1_181' title='bbox 17 3727 18 3820; x_wconf 66' lang='grc' dir='ltr'><strong>ζ</strong></span> <span class='ocrx_word' id='word_1_182' title='bbox 94 3743 200 3825; x_wconf 85' lang='lat' dir='ltr'>fuerit</span> <span class='ocrx_word' id='word_1_183' title='bbox 218 3752 430 3836; x_wconf 75' lang='lat' dir='ltr'>revocatus</span> <span class='ocrx_word' id='word_1_184' title='bbox 449 3751 699 3848; x_wconf 83' lang='lat' dir='ltr'>congruenter</span> <span class='ocrx_word' id='word_1_185' title='bbox 716 3748 848 3822; x_wconf 88' lang='lat' dir='ltr'>auctor</span> <span class='ocrx_word' id='word_1_186' title='bbox 861 3741 1007 3821; x_wconf 86' lang='lat' dir='ltr'>notavit</span> <span class='ocrx_word' id='word_1_187' title='bbox 1025 3741 1064 3818; x_wconf 94' lang='lat' dir='ltr'>in</span> <span class='ocrx_word' id='word_1_188' title='bbox 1083 3741 1236 3823; x_wconf 90' lang='lat' dir='ltr'>Italiam</span> 
     </span>
    </p>
   </div>
   <div class='ocr_carea' id='block_1_8' title="bbox 93 4085 1237 4247">
    <p class='ocr_par' dir='ltr' id='par_1_8' title="bbox 93 4085 1237 4247">
     <span class='ocr_line' id='line_1_25' title="bbox 122 4085 1237 4154; baseline -0.002 -14"><span class='ocrx_word' id='word_1_189' title='bbox 122 4091 150 4154; x_wconf 83' lang='grc' dir='ltr'>(ι)</span> <span class='ocrx_word' id='word_1_190' title='bbox 172 4089 320 4144; x_wconf 68' lang='lat' dir='ltr'>Brittomaro</span> <span class='ocrx_word' id='word_1_191' title='bbox 340 4094 370 4142; x_wconf 78' lang='lat' dir='ltr'>dr·</span> <span class='ocrx_word' id='word_1_192' title='bbox 386 4089 566 4153; x_wconf 72' lang='lat' dir='ltr'>Arcteolopta</span> <span class='ocrx_word' id='word_1_193' title='bbox 588 4089 649 4142; x_wconf 83' lang='lat' dir='ltr'>Cri·</span> <span class='ocrx_word' id='word_1_194' title='bbox 716 4087 745 4152; x_wconf 79' lang='grc'>(1)</span> <span class='ocrx_word' id='word_1_195' title='bbox 764 4087 852 4148; x_wconf 85' lang='lat' dir='ltr'>Quam</span> <span class='ocrx_word' id='word_1_196' title='bbox 867 4086 985 4138; x_wconf 86' lang='lat' dir='ltr'>testatur</span> <span class='ocrx_word' id='word_1_197' title='bbox 1007 4085 1237 4138; x_wconf 79' lang='grc'>0111131113313</span> 
     </span>
     <span class='ocr_line' id='line_1_26' title="bbox 93 4179 937 4247; baseline 0.004 -19"><span class='ocrx_word' id='word_1_198' title='bbox 93 4185 185 4234; x_wconf 75' lang='lat' dir='ltr'>setona.</span> <span class='ocrx_word' id='word_1_199' title='bbox 198 4185 278 4235; x_wconf 82' lang='lat' dir='ltr'>Anno</span> <span class='ocrx_word' id='word_1_200' title='bbox 290 4185 391 4247; x_wconf 83' lang='lat' dir='ltr'>quarto</span> <span class='ocrx_word' id='word_1_201' title='bbox 406 4183 499 4246; x_wconf 75' lang='grc'>11866).</span> <span class='ocrx_word' id='word_1_202' title='bbox 680 4179 826 4232; x_wconf 75' lang='lat' dir='ltr'>Pertinace</span> <span class='ocrx_word' id='word_1_203' title='bbox 837 4193 898 4244; x_wconf 83' lang='lat' dir='ltr'>cap.</span> <span class='ocrx_word' id='word_1_204' title='bbox 911 4179 937 4231; x_wconf 79' lang='lat'>4.</span> 
     </span>
    </p>
   </div>
   <div class='ocr_carea' id='block_1_9' title="bbox 95 4271 1239 4438">
    <p class='ocr_par' dir='ltr' id='par_1_9' title="bbox 95 4271 1239 4438">
     <span class='ocr_line' id='line_1_27' title="bbox 122 4271 1236 4345; baseline -0.006 -15"><span class='ocrx_word' id='word_1_205' title='bbox 122 4282 150 4344; x_wconf 78' lang='lat' dir='ltr'>(a)</span> <span class='ocrx_word' id='word_1_206' title='bbox 159 4280 235 4333; x_wconf 77' lang='lat' dir='ltr'>Pure.</span> <span class='ocrx_word' id='word_1_207' title='bbox 243 4282 291 4334; x_wconf 85' lang='lat' dir='ltr'>lx.</span> <span class='ocrx_word' id='word_1_208' title='bbox 300 4284 338 4334; x_wconf 78' lang='grc'>12,</span> <span class='ocrx_word' id='word_1_209' title='bbox 349 4282 388 4332; x_wconf 89' lang='lat' dir='ltr'>in.</span> <span class='ocrx_word' id='word_1_210' title='bbox 398 4280 602 4345; x_wconf 78' lang='lat' dir='ltr'>(Appendpag.</span> <span class='ocrx_word' id='word_1_211' title='bbox 609 4273 647 4332; x_wconf 71' lang='lat' dir='ltr'>lo</span> <span class='ocrx_word' id='word_1_212' title='bbox 713 4277 743 4342; x_wconf 77' lang='lat' dir='ltr'>(a)</span> <span class='ocrx_word' id='word_1_213' title='bbox 759 4277 930 4340; x_wconf 79' lang='lat' dir='ltr'>Argumenta</span> <span class='ocrx_word' id='word_1_214' title='bbox 947 4271 1061 4323; x_wconf 82' lang='lat' dir='ltr'>Comitis</span> <span class='ocrx_word' id='word_1_215' title='bbox 1074 4273 1236 4335; x_wconf 79' lang='lat' dir='ltr'>Barasasa,</span> 
     </span>
     <span class='ocr_line' id='line_1_28' title="bbox 95 4365 1239 4438; baseline -0.005 -18"><span class='ocrx_word' id='word_1_216' title='bbox 95 4377 177 4438; x_wconf 78' lang='grc'>3111.)</span> <span class='ocrx_word' id='word_1_217' title='bbox 680 4384 714 4422; x_wconf 82' lang='lat' dir='ltr'>ex</span> <span class='ocrx_word' id='word_1_218' title='bbox 726 4371 785 4434; x_wconf 80' lang='lat' dir='ltr'>ejus</span> <span class='ocrx_word' id='word_1_219' title='bbox 796 4369 894 4420; x_wconf 86' lang='lat' dir='ltr'>litteris</span> <span class='ocrx_word' id='word_1_220' title='bbox 907 4365 978 4417; x_wconf 86' lang='lat' dir='ltr'>datis</span> <span class='ocrx_word' id='word_1_221' title='bbox 989 4365 1024 4415; x_wconf 84' lang='lat' dir='ltr'>ad</span> <span class='ocrx_word' id='word_1_222' title='bbox 1037 4365 1069 4416; x_wconf 88' lang='lat' dir='ltr'>P.</span> <span class='ocrx_word' id='word_1_223' title='bbox 1084 4365 1173 4434; x_wconf 79' lang='lat' dir='ltr'>Raph.</span> <span class='ocrx_word' id='word_1_224' title='bbox 1187 4365 1239 4415; x_wconf 83' lang='lat' dir='ltr'>Ga·</span> 
     </span>
    </p>
   </div>
   <div class='ocr_carea' id='block_1_10' title="bbox 127 4461 1186 4540">
    <p class='ocr_par' dir='ltr' id='par_1_10' title="bbox 127 4461 1186 4540">
     <span class='ocr_line' id='line_1_29' title="bbox 127 4461 1186 4540; baseline -0.011 -20"><span class='ocrx_word' id='word_1_225' title='bbox 127 4475 155 4535; x_wconf 71' lang='grc'>(3)</span> <span class='ocrx_word' id='word_1_226' title='bbox 170 4471 239 4524; x_wconf 87' lang='lat' dir='ltr'>lhid.</span> <span class='ocrx_word' id='word_1_227' title='bbox 252 4472 389 4540; x_wconf 79' lang='lat' dir='ltr'>(Append.</span> <span class='ocrx_word' id='word_1_228' title='bbox 404 4483 467 4536; x_wconf 86' lang='lat' dir='ltr'>pag.</span> <span class='ocrx_word' id='word_1_229' title='bbox 481 4463 629 4534; x_wconf 66' lang='grc'>1131131.</span> <span class='ocrx_word' id='word_1_230' title='bbox 683 4467 760 4518; x_wconf 85' lang='lat' dir='ltr'>rucei</span> <span class='ocrx_word' id='word_1_231' title='bbox 773 4465 855 4515; x_wconf 81' lang='lat' dir='ltr'>refert</span> <span class='ocrx_word' id='word_1_232' title='bbox 867 4465 1022 4514; x_wconf 72' lang='lat' dir='ltr'>hausurum</span> <span class='ocrx_word' id='word_1_233' title='bbox 1036 4475 1061 4525; x_wconf 89' lang='lat' dir='ltr'>p.</span> <span class='ocrx_word' id='word_1_234' title='bbox 1075 4461 1115 4536; x_wconf 72' lang='grc'>21).</span> <span class='ocrx_word' id='word_1_235' title='bbox 1131 4463 1186 4509; x_wconf 90' lang='lat' dir='ltr'>not.</span> 
     </span>
    </p>
   </div>
   <div class='ocr_carea' id='block_1_11' title="bbox 0 0 1590 5134">
    <p class='ocr_par' dir='ltr' id='par_1_11' title="bbox 0 0 1590 5134">
     <span class='ocr_line' id='line_1_30' title="bbox 0 0 1590 5134; baseline 0 3"><span class='ocrx_word' id='word_1_236' title='bbox 0 0 1590 5134; x_wconf 95' lang='lat' dir='ltr'> </span> 
     </span>
    </p>
   </div>
  </div>
 </body>
</html>
