3132 5140
348 454 407 514 aaa
577 471 649 517 mss.
672 473 701 516 v.
724 471 760 516 ou
781 471 920 517 conrnov.
944 471 1023 518 cmm
1044 471 1124 519 anm.
1150 473 1264 518 rixam.

348 637 508 740 accipiat
531 667 539 713 ε
565 641 655 715 tunc
676 663 766 715 vero
789 638 944 714 haeresis
969 638 1094 716 dantis
1122 639 1217 714 nihil
1248 640 1389 720 officiet
1411 641 1490 718 viro
1555 623 1556 654 ³

348 779 627 851 sacramentum
662 775 733 851 hoc
767 798 859 851 sana
892 778 929 851 ct
968 775 1116 875 integra
1150 774 1223 850 fide
1257 776 1486 880 suscipienti.

348 909 467 985 Immo
504 912 542 985 et
574 907 793 986 Catholicus
829 907 876 985 ab
910 933 953 984 eo
987 932 1098 1010 quem
1134 907 1356 986 haereticum
1388 911 1490 988 novit
1555 947 1556 984 ;

347 1042 575 1145 baptismum
597 1065 682 1119 cum
700 1043 924 1119 sacramenti
948 1042 1061 1144 hujus
1085 1041 1219 1120 effectu
1237 1047 1361 1146 potest
1377 1046 1490 1146 perci·

347 1206 448 1284 pere,
476 1181 507 1256 si
537 1206 574 1258 v.
603 1205 639 1282 g.
673 1185 807 1282 urgeat
831 1180 1041 1282 periculum
1071 1180 1203 1258 mortis
1228 1185 1266 1257 et
1291 1206 1368 1258 nou
1395 1181 1491 1260 adsit
1555 1251 1556 1260 .

349 1317 558 1419 periculum
576 1315 754 1393 scandali.
777 1363 822 1371 -
841 1316 1035 1394 Hactenus
1054 1315 1249 1393 Constant.
1555 1307 1556 1318 ’

398 1501 436 1585 3.
456 1510 495 1582 2⁰
517 1505 644 1582 Aliam
667 1506 956 1608 explicationem
978 1507 1173 1583 sententiae
1197 1506 1382 1609 Stephani
1409 1534 1489 1611 pro·

347 1639 452 1742 ponit
480 1639 599 1717 Prud.
633 1640 830 1718 Mxnxnus
860 1643 911 1739 (1).
940 1639 1075 1719 Citatis
1105 1640 1284 1717 nimirum
1314 1643 1443 1719 verbis
1469 1668 1491 1718 a
1555 1609 1556 1630 Ν

347 1775 568 1853 Firmiliano
590 1775 824 1877 exprobratis
852 1775 1041 1879 Stephano
1061 1805 1076 1851 ·:
1106 1811 1121 1841 a
1150 1775 1366 1854 Secundum
1395 1777 1489 1880 quod

348 1947 364 1976 a
387 1910 577 2014 Stephano
602 1911 766 2000 videtur,
786 1911 941 1988 haeresis
968 1911 1118 2013 quidem
1140 1911 1240 2014 parit
1263 1915 1300 1988 et
1320 1913 1489 2016 exponit,

230 2103 232 2110 >
348 2083 363 2112 a
385 2046 572 2149 expositos
590 2050 715 2123 autem
733 2045 890 2122 ecclesia
906 2045 1063 2148 suscipit
1083 2083 1098 2111 n
1121 2049 1179 2144 (a);
1200 2046 1430 2148 perspicitur
1447 2073 1489 2124 ex

346 2183 404 2259 his
422 2181 546 2259 verbis
566 2181 631 2280 (ait
648 2181 856 2279 Marones),
885 2180 1060 2257 haeresim
1086 2207 1160 2258 non
1186 2182 1270 2270 sibi,
1282 2183 1356 2260 ‘sed
1376 2185 1489 2262 cccle-

345 2316 585 2418 amparare,
617 2315 677 2391 vel
707 2315 831 2419 potius
861 2315 1057 2392 ecclesiam
1087 2341 1154 2418 per
1184 2317 1361 2395 haeresim
1388 2320 1491 2397 velut

344 2475 410 2553 per
435 2448 612 2527 ancillam
638 2474 782 2549 parere,
815 2451 869 2528 ita
898 2455 940 2528 ut
965 2477 1057 2553 quos
1087 2452 1189 2554 parit
1220 2452 1393 2545 haeresis,
1423 2455 1489 2532 filii

346 2611 491 2687 sponsae
522 2585 603 2660 ficri
640 2589 797 2687 possunt
831 2585 861 2661 si
899 2585 944 2662 ad
976 2585 1172 2664 ecclesiam
1206 2587 1406 2679 accedant;
1445 2591 1489 2666 ab

345 2720 502 2797 ecclesia
535 2723 662 2797 autem
693 2746 767 2797 non
801 2719 962 2822 suscepti
993 2720 1189 2798 interitum
1219 2721 1388 2823 effugere
1419 2750 1488 2802 non

344 2841 499 2957 possint.
526 2854 706 2957 Stephani
735 2853 916 2930 doctrinae
944 2851 1138 2930 simillima
1167 2859 1224 2932 est
1253 2855 1334 2932 haec
1360 2857 1487 2957 Augu·

344 2995 431 3071 stini
463 2993 681 3070 sententia:
715 3029 730 3057 a
760 2989 929 3068 Ecclesia
959 2990 1109 3092 quippe,
1137 2991 1260 3093 inquit
1288 2993 1355 3073 lib.
1392 2997 1422 3072 I.
1445 3002 1487 3070 de

346 3167 362 3197 a
383 3137 497 3228 Bopt.
525 3154 561 3205 n.
594 3135 638 3204 12
662 3129 737 3227 [23]
761 3151 888 3232 omnes
913 3148 980 3226 per
1005 3125 1233 3227 baptismum
1262 3131 1378 3231 parit,
1411 3131 1486 3208 sive

346 3303 361 3333 a
384 3266 482 3368 apud
501 3291 553 3353 se,
573 3263 609 3340 id
628 3266 747 3340 estex
768 3266 874 3338 utero
892 3286 974 3349 suo,
999 3260 1078 3336 sive
1100 3265 1207 3339 extra
1225 3288 1264 3339 se
1284 3263 1486 3343 desemine

347 3437 362 3465 a
384 3399 457 3476 viri
480 3400 583 3477 sui...
612 3437 627 3464 n
656 3403 705 3498 (a).
731 3396 924 3474 Immerito
947 3418 1036 3496 ergo
1060 3395 1274 3499 Cyprianus
1292 3405 1330 3477 et
1354 3404 1485 3480 Firmi·
1555 3393 1556 3414 ¹

342 3535 467 3613 lianus
489 3535 754 3613 existimarunt
782 3531 1015 3634 Stephanum
1043 3529 1178 3609 haeresi
1197 3535 1315 3614 veluti
1341 3565 1484 3642 sponsae

343 3663 1485 3774 mmmmfflmmmm

344 3805 515 3881 hucne...
550 3805 636 3879 Nou
664 3801 826 3880 absimili
857 3797 1040 3876 sententia
1070 3801 1220 3881 videtur
1249 3808 1483 3912 (Stephanus)
1555 3779 1556 3854 3

342 3944 579 4039 peccatorum
622 3937 878 4018 remissionem
918 3943 956 4018 in
995 3941 1180 4043 baptismo
1223 3944 1482 4022 haereticorum

345 4073 554 4173 agnovisse.
588 4073 912 4160 Quemadmodum
942 4083 1042 4159 enim
1073 4081 1254 4185 ejusmodi
1278 4084 1481 4187 baptismus

373 4383 497 4447 (11Prael.
510 4386 544 4436 ad
557 4387 626 4452 opp.
641 4389 721 4454 cypr.
735 4393 753 4454 ἓ
766 4393 789 4444 5.
927 4411 990 4464 pag.
1004 4394 1060 4462 oa).

375 4475 405 4537 (a)
416 4473 504 4538 Epist.
524 4476 558 4526 ad
575 4477 655 4542 Cypr.
670 4493 697 4530 n.
715 4483 743 4532 14
759 4484 893 4548 (Append.
960 4490 991 4552 (a)
1004 4489 1036 4540 P.
1050 4488 1081 4539 L.
1096 4489 1116 4539 t.
1130 4489 1230 4544 XLIII.
1242 4503 1271 4554 p.
1287 4491 1342 4543 121.
