3170 5134
331 461 389 524 ina
570 475 642 520 nrss.
666 477 707 521 ιιι.
732 475 767 522 oa
788 475 915 523 Iunone
936 477 1237 525 nrrnosornonncnon.

330 667 417 719 cum
439 645 488 741 (ι).
517 643 715 744 Nusquam
740 646 881 732 autern,
902 643 1037 720 sivein
1063 642 1368 744 inscriptionibus
1395 644 1480 720 sive

330 778 370 853 in
388 778 734 892 subscriptionibus,
750 783 933 880 apparent
949 779 1112 881 episcopi
1129 779 1393 868 suburbicarii,
1410 781 1479 856 sed

330 912 438 990 modo
468 913 793 1014 Archipresbyter‚
830 912 1126 990 Archidiaconus
1156 917 1193 990 et
1226 913 1478 989 Primicerius

332 1046 590 1134 Notariorum,
617 1046 725 1122 modo
744 1046 893 1146 quando
911 1046 1052 1123 scilicet
1069 1045 1226 1149 epistola
1251 1047 1400 1124 nomine
1422 1051 1479 1122 to

329 1185 405 1262 tius
423 1183 513 1260 cleri
531 1183 712 1261 mittenda
732 1188 819 1260 estu
842 1186 1071 1286 Presbyteri,
1094 1185 1241 1264 diaconi
1259 1192 1296 1264 et
1313 1187 1477 1264 familia-

333 1359 348 1388 e
372 1324 426 1399 ris
442 1323 641 1400 universus
659 1321 794 1399 clerus
817 1359 833 1386 a

381 1499 441 1583 31.
470 1507 509 1580 5⁰
534 1502 578 1579 In
602 1503 717 1578 Libro
746 1502 966 1594 Poniz'ficoii
994 1501 1159 1603 primum
1184 1503 1226 1580 fit
1252 1503 1479 1580 nominatim

331 1635 469 1714 mentio
493 1635 655 1737 episcopi
679 1634 900 1712 Poriuensis
922 1635 968 1712 ad
991 1660 1052 1712 an.
1077 1641 1162 1725 680,
1187 1625 1336 1737 quando
1359 1638 1479 1714 Joan-

332 1795 395 1846 nes
416 1769 637 1848 Portuensis
656 1774 848 1870 tamquam
870 1769 1038 1858 nuntius,
1058 1769 1261 1871 etquidem
1282 1795 1357 1847 non
1374 1772 1478 1848 Pon-

332 1903 458 1992 tificis‚
484 1903 547 1979 sed
573 1901 705 2004 synodi
731 1902 990 2004 episcoporum
1016 1902 1313 1982 Occidentalium
1340 1905 1480 1983 Rornae

331 2041 482 2130 habitae,
498 2041 634 2117 missus
648 2044 704 2117 est
720 2040 767 2116 ad
788 2038 987 2117 concilium
1008 2039 1126 2119 OPoli
1144 2040 1406 2118 celebrandum
1421 2046 1475 2141 (ι).

332 2175 462 2275 Neque
483 2179 568 2250 ante
592 2174 693 2250 hunc
716 2198 856 2250 annum
880 2175 1095 2253 nominatur
1117 2174 1254 2278 aliquis
1278 2177 1478 2279 episcopus

332 2309 579 2388 Tusculanus.
615 2311 744 2411 Neque
773 2309 818 2385 de
848 2312 1030 2413 episcopis
1064 2311 1299 2390 Ostiensibus
1333 2313 1477 2390 mentio

331 2423 489 2523 habetur
509 2445 580 2522 nisi
601 2445 793 2522 occasione
812 2445 1057 2522 ordinationis
1077 2447 1308 2522 Pontificum
1326 2449 1376 2544 (a).
1401 2447 1475 2522 De

330 2581 441 2683 nique
467 2580 512 2657 de
536 2605 611 2656 uno
637 2579 807 2681 episcopo
833 2580 872 2658 S.
900 2581 1066 2670 Rufinae,
1092 2581 1307 2670 Valentin0‚
1332 2605 1476 2657 memo-

331 2720 437 2794 ratur
466 2714 573 2791 illurn
599 2739 622 2791 a
648 2713 788 2815 Vigilio
819 2713 930 2812 (circa
959 2715 1054 2790 med.
1085 2739 1157 2792 sec.
1187 2715 1254 2812 Vq
1285 2714 1475 2791 adscitum

330 2874 409 2926 esse
433 2849 606 2924 comitem
632 2847 777 2924 itineris
801 2846 931 2925 CPani
956 2851 993 2924 et
1015 2847 1147 2925 deinde
1171 2872 1257 2924 cum
1281 2846 1476 2949 Ampliaio

330 2982 544 3084 presbytero
569 2982 732 3060 Romam
757 2982 954 3059 remissum
977 2982 1024 3059 ad
1048 2985 1338 3060 Lateranensem
1364 2984 1475 3060 Basi-

330 3115 443 3192 Iicarn
465 3114 745 3192 custodiendam
763 3120 799 3192 et
816 3115 1091 3217 invigilandum
1113 3115 1212 3192 clero
1230 3119 1281 3215 (ι).
1302 3161 1348 3171 -—
1366 3116 1476 3193 Alias

331 3251 457 3325 autem
482 3252 569 3324 ante
593 3273 665 3324 seo.
697 3249 793 3326 VIII
823 3273 896 3325 non
922 3254 1124 3327 occurrunt
1149 3250 1311 3351 episcopi
1339 3251 1478 3326 subur-

329 3383 461 3461 bicarii
483 3384 556 3460 nisi
577 3385 616 3460 in
637 3383 972 3486 subscriptionibus
993 3384 1238 3462 conciliorum
1260 3386 1310 3482 (5).

363 3656 393 3722 (ι)
406 3655 455 3707 Ed.
471 3655 601 3717 Rouana,
615 3654 648 3706 N.
665 3655 697 3705 68
708 3668 767 3717 sqq.
783 3661 820 3720 ip.
836 3657 881 3708 103
915 3671 942 3720 p.
957 3657 1023 3719 lsil).
1037 3656 1090 3707 scd
1099 3656 1257 3722 hujusmodi
1269 3655 1407 3706 connexio
1419 3654 1481 3704 ubi-

331 3752 400 3816 sqq).
917 3751 1054 3814 quainter
1069 3751 1312 3816 metropoliianum
1330 3750 1358 3800 et
1376 3749 1479 3801 soilia-

365 3847 394 3902 (ι)
404 3841 436 3891 P.
447 3839 478 3891 L.
489 3841 508 3908 i.
523 3839 671 3892 CXXVIII.
682 3853 708 3903 p.
723 3841 778 3891 806.
791 3869 819 3876 -
832 3839 882 3891 Ed.
918 3854 1021 3906 ganeos
1033 3842 1091 3904 cius
1100 3841 1191 3892 Iocum
1203 3841 1331 3892 habebat.

331 3929 445 3982 Vronon.
463 3930 492 3979 in
509 3928 661 3992 Apatbone,
678 3943 704 3978 ιι.
724 3930 748 3980 3.
766 3928 820 3980 Cir.
834 3930 881 3980 ad·
950 3931 979 3993 (ι)
992 3930 1024 3980 P.
1039 3931 1069 3981 L.
1082 3931 1100 3981 t.
1116 3930 1265 3982 CXXVIII.
1280 3945 1306 3994 p.
1318 3931 1377 3981 579.

326 4024 392 4085 ject.
407 4024 463 4074 not.
477 4023 501 4072 3.
949 4020 979 4082 (ai
1002 4021 1098 4084 Neque
1119 4021 1147 4072 in
1168 4021 1203 4072 iis
1225 4020 1484 4086 subscriptionibus

363 4113 392 4176 (a)
409 4111 544 4163 Ostiensis
560 4111 670 4175 quidem
688 4109 808 4176 episcopi
826 4110 885 4160 erat
918 4111 1117 4175 praeponuntur
1136 4111 1199 4162 aliis
1218 4111 1367 4176 episcopis.
1382 4111 1429 4163 Sic
1449 4113 1484 4164 in

238 4191 242 4198 ¹
328 4204 386 4264 jem
395 4202 459 4252 ante
470 4199 558 4252 sccV
571 4202 650 4262 (toste
661 4198 827 4264 Augustino)
839 4212 882 4249 or·
918 4199 1040 4251 Concilio
1063 4199 1220 4252 Arelatensi
1241 4199 1295 4262 (an.
1320 4199 1380 4264 314)
1400 4214 1483 4266 repe-

331 4289 426 4340 dinaro
454 4288 609 4340 Romanum
640 4287 802 4338 Pontificem
831 4288 885 4339 aie·
919 4288 1028 4339 rinntur
1053 4288 1171 4340 decretis
1196 4289 1307 4339 concilii
1334 4290 1483 4356 subscrip-

331 4377 883 4441 cinm‚assieicniibusciepiscopisiiiba·
918 4377 986 4436 sisse
996 4379 1095 4441 praeter
1105 4377 1174 4428 duos
1185 4377 1364 4441 presbyteros
1373 4381 1402 4430 et
1411 4379 1485 4431 duos

334 4468 412 4520 riensi
441 4471 468 4518 et
502 4469 650 4518 Por-tuensi
682 4465 754 4530 (Lib.
785 4466 885 4517 Diurn.
921 4467 1052 4518 diaconos
1072 4467 1213 4518 Romanos
1228 4467 1337 4518 romine
1358 4467 1486 4521 Romani
