3132 5140
372 445 429 511 Πΰ
603 461 1262 516 mmmmmmmm

370 643 439 718 bus
463 645 516 760 (1),
541 647 666 720 tamen
682 643 871 745 probabile
887 668 961 720 non
979 648 1034 722 est
1052 645 1176 747 ipsum
1192 651 1371 747 provecta
1398 649 1504 723 aetate
1554 623 1555 714 l

371 801 501 853 rursus
535 801 654 878 graece
684 778 887 879 scripsisse,
919 780 1126 881 praesertim
1161 780 1408 882 Carthagine,
1444 781 1502 857 ubi
1554 869 1555 878 ἵ

370 933 444 986 non
460 909 610 1010 vigebat
626 935 715 986 usus
733 912 846 1011 graeci
865 913 1056 992 sermonis.

421 1113 460 1196 9.
485 1121 524 1195 3⁰
556 1117 698 1192 Auctor
730 1117 872 1193 Philon.
910 1121 953 1215 (a)
987 1121 1140 1194 accusat
1173 1116 1373 1195 Callistum
1409 1117 1501 1218 quod

373 1289 388 1318 a
409 1253 522 1354 hujus
540 1255 649 1329 aetate
667 1251 1009 1352 primobaptismus
1036 1253 1190 1328 iteratus
1212 1252 1258 1328 ab
1275 1251 1321 1327 iis
1338 1255 1502 1328 tentatus

369 1391 436 1463 est.
457 1423 472 1452 n
489 1387 513 1463 J
515 1411 576 1463 am
590 1409 677 1462 vero
693 1384 947 1462 Tertullianus
964 1389 1050 1462 ante
1068 1389 1215 1463 aetatem
1230 1385 1378 1463 Callisti
1395 1386 1434 1464 S.
1457 1386 1498 1460 P.

369 1521 532 1598 defendit
553 1526 589 1597 et
605 1507 732 1597 docuit
748 1520 974 1622 baptismum
993 1520 1203 1597 iterandum
1219 1545 1298 1597 esse
1316 1519 1502 1596 haereticis

368 1656 445 1757 qui,
465 1656 504 1731 in
522 1655 653 1731 haeresi
672 1653 862 1756 baptizati,
882 1653 928 1730 ad
947 1629 1170 1732 catholicam
1187 1654 1381 1731 ecclesiam
1400 1653 1500 1728 veni·
1554 1681 1555 1684 ¹

368 1794 450 1867 rent
479 1793 535 1888 (a).
568 1791 625 1866 Ad
651 1790 721 1867 hoc
748 1794 1009 1892 argumentum
1034 1791 1089 1867 ita
1114 1791 1260 1868 Caumu
1286 1793 1329 1887 (4)
1359 1820 1366 1864 :
1402 1839 1417 1853 -
1448 1791 1501 1864 La

367 1923 468 1999 seule
489 1928 641 2026 reponse
662 1948 733 2024 que
753 1923 827 1999 l'on
851 1924 975 2025 puisse
996 1923 1089 2000 faire
1118 1929 1141 1998 a
1164 1947 1237 1999 une
1259 1923 1447 2023 objection
1470 1922 1499 1997 si

367 2081 494 2157 grave,
514 2057 601 2133 o'est
617 2081 688 2157 que
702 2055 907 2133 Tertullicn
925 2057 1010 2133 s'cst
1026 2061 1170 2134 montre
1186 2057 1270 2133 bien
1286 2057 1499 2133 inconstant
1554 2083 1555 2086 ¹

366 2192 457 2269 dans
475 2217 532 2296 ses
550 2191 718 2294 opinions
740 2221 747 2266 :
769 2216 861 2267 nous
879 2190 913 2266 lc
929 2215 1085 2292 voyons‚
1104 2197 1220 2266 avant
1236 2214 1303 2266 son
1318 2189 1497 2266 adhesion

365 2350 440 2401 aux
453 2325 637 2426 principes
655 2324 700 2400 de
712 2325 884 2411 Montan
904 2309 1171 2400 soutenir‘avec
1184 2323 1260 2399 zale
1276 2323 1314 2399 la
1331 2322 1497 2400 doctrine
1554 2369 1555 2372 π

365 2461 575 2562 catholiquc
592 2459 681 2561 qu’il
697 2485 746 2536 va
763 2451 903 2536 bientdt
920 2461 1134 2536 oombattre.
1164 2460 1319 2537 Ensuite
1341 2458 1367 2534 il
1386 2484 1426 2534 se
1443 2463 1496 2534 se·
1554 2485 1555 2488 ¹

364 2617 453 2694 pare
471 2593 534 2670 des
557 2593 803 2670 Montanistes
826 2597 863 2670 et
879 2593 997 2670 forme
1013 2619 1087 2670 une
1112 2599 1247 2671 sectea
1271 2597 1369 2696 part.
1392 2593 1496 2672 Cette
1554 2573 1555 2588 ¹

364 2727 600 2804 inconstanoe
616 2728 709 2803 dans
726 2752 784 2803 ses
801 2727 985 2804 doctrines
1002 2732 1092 2830 peut
1104 2727 1196 2804 faire
1211 2751 1390 2829 supposer
1408 2725 1494 2827 qu'il
1554 2755 1555 2822 }

363 2864 609 2965 aegalement
626 2865 730 2941 varie
746 2865 839 2941 dans
863 2890 930 2941 son
947 2865 1222 2965 enseignement
1239 2887 1304 2940 sur
1319 2861 1357 2938 la
1375 2867 1496 2937 neces·
1554 2841 1555 2934 i

363 2999 432 3075 sitd
445 2999 531 3074 d’un
549 2997 680 3074 second
699 2999 879 3099 baptdme.
897 2999 996 3076 Mais
1009 3024 1051 3075 ce
1063 2999 1155 3076 n'est
1167 3023 1298 3075 encore
1310 2996 1347 3072 la
1361 2998 1494 3097 qu'une
1554 3015 1555 3084 3

362 3136 593 3239 supposition
610 3141 633 3211 a
650 3161 721 3237 peu
738 3142 822 3237 pras
840 3137 1013 3238 gratuite.
1038 3173 1052 3202 .-
1072 3183 1117 3192 -—
1135 3137 1276 3212 Verum
1292 3159 1366 3211 non
1386 3133 1493 3210 modo

361 3269 525 3370 gratuita
548 3274 607 3346 est·
621 3269 701 3345 haec
727 3269 956 3371 hypothesis
977 3271 1038 3347 sed
1065 3275 1102 3348 et
1126 3268 1376 3371 impossibilis.
1400 3268 1492 3360 Quis
1554 3263 1555 3314 ἶ

361 3401 459 3478 anim
488 3426 588 3479 sanae
618 3405 764 3493 mentia,
792 3408 987 3506 postquam
1012 3405 1091 3506 ipse
1119 3404 1264 3506 publice
1288 3407 1325 3478 et
1354 3403 1491 3503 scripto
1554 3419 1555 3424 ’

324 3577 327 3584 ·
360 3537 615 3620 necessitatem
637 3538 795 3615 iterandi
812 3538 985 3641 baptismi
1011 3537 1191 3626 docuerit,
1211 3534 1318 3612 alteri
1341 3536 1490 3636 objiciat

359 3673 438 3770 ejus
462 3675 571 3748 aetate
585 3675 718 3769 primo
740 3673 966 3773 baptismum
989 3675 1164 3750 iteratum
1187 3673 1370 3747 tentatum
1389 3667 1488 3746 esse?

391 4091 422 4156 ll)
441 4082 479 4143 ut
497 4090 543 4140 lib.
561 4083 749 4150 deBapttrmo
769 4097 829 4150 cap.
852 4087 901 4136 15:
936 4083 1011 4148 (ibid.
1024 4082 1128 4148 poso).
1183 4109 1186 4114 ·
1554 4137 1555 4140 Ἴ

361 4180 437 4232 ·Sed
454 4180 487 4231 da
504 4177 557 4228 isto
577 4175 686 4241 plenius
701 4176 759 4238 jnm
781 4173 861 4225 nobis
881 4174 909 4224 in
975 4171 1004 4236 (a)
1020 4170 1068 4222 IX.
1088 4171 1117 4221 12
1128 4171 1196 4221 extr.
1209 4167 1341 4233 (append.
1355 4181 1417 4234 pag.
1431 4163 1485 4225 5⁰1·
1554 4171 1555 4236 Τ

358 4281 448 4336 graeco
471 4265 606 4332 dlgastum
629 4267 671 4315 est
691 4286 703 4308 n
725 4263 768 4325 (Ρ.
790 4262 821 4313 L.
842 4263 862 4312 t.
883 4261 905 4312 1.
973 4262 1003 4323 (a)
1025 4259 1065 4310 De
1084 4257 1167 4320 napa
1187 4271 1245 4322 cap.
1267 4259 1296 4307 15
1312 4257 1354 4321 (P.
1372 4257 1404 4310 L.
1425 4261 1444 4310 t..
1465 4255 1485 4306 1.

358 4373 384 4424 p.
404 4357 484 4420 1216).
501 4385 533 4393 -
551 4355 668 4407 Itomae
686 4351 802 4416 Corona,
819 4366 878 4416 cap.
894 4353 910 4401 6
943 4365 970 4416 p.
986 4350 1064 4412 1216).

357 4447 399 4510 (P.
411 4447 441 4497 L.
455 4449 474 4497 t.
486 4445 520 4496 11.
534 4459 560 4508 p.
570 4445 623 4508 84);
636 4441 676 4493 De
688 4444 737 4492 cel.
748 4445 817 4504 cira.
828 4440 911 4504 capl
978 4438 1007 4501 (c)
1018 4435 1131 4496 Etudea
1144 4437 1196 4487 etc.
1209 4448 1235 4498 p.
1250 4435 1303 4485 139.
