3208 5150
336 455 398 500 mr.
423 457 453 501 n.
478 453 552 511 ocor
573 455 660 501 sonos
682 455 787 500 rrrnrs
809 457 891 503 noim
913 457 1039 503 seormr.
1223 449 1255 508 51
1279 413 1286 426 ’

155 637 201 703 2.
232 621 492 699 Ilrnnoxrnus
515 626 571 695 De
597 621 693 696 ciris
716 622 856 697 illustr.
887 646 968 724 cap.
1001 629 1014 700 l
1048 656 1054 699 :
1085 627 1257 705 -Simon

103 797 118 810 -
146 761 352 836 Petrus...
387 756 547 833 secundo
579 755 728 832 Claudii
762 781 861 832 anno
890 757 938 832 ad
968 762 1259 861 expugnandum

103 932 118 946 -
145 895 285 972 Simon
299 917 451 994 magum
470 891 632 970 Romam
651 891 786 994 pergit,
803 891 927 993 ibique
941 889 1075 994 ¹viginti
1095 897 1259 1000 quinque

102 1069 118 1082 -
143 1030 262 1108 annis
286 1029 502 1107 cathedram
528 1027 797 1104 sacerdotalem
813 1028 947 1117 tenuit,
968 1033 1150 1132 usquead
1170 1033 1256 1111 ulti-

102 1199 118 1216 ·
143 1188 257 1239 mum
275 1187 416 1239 annum
437 1162 611 1250 Neronis
632 1161 668 1238 id
687 1167 743 1238 est
764 1161 949 1239 decimum
968 1170 1157 1264 quartum.
1181 1205 1196 1232 n
1219 1173 1256 1268 (r)

150 1350 197 1414 3.
231 1334 397 1412 Onosrus
421 1335 524 1410 Hist.
550 1333 638 1410 VII.
666 1339 719 1409 6:
745 1369 760 1398 a
788 1333 952 1410 Exordio
978 1327 1083 1436 regni
1107 1337 1256 1415 Claudii

101 1506 117 1534 r
142 1470 291 1545 Petrus
308 1467 508 1570 Apostolus
528 1467 678 1546 Domini
693 1469 809 1546 nostri
828 1470 851 1546 J
854 1495 919 1546 esu
935 1468 1077 1548 Christi
1093 1471 1255 1551 Romam

101 1641 116 1666 ν
140 1601 298 1678 venit...
322 1639 337 1666 ν’
360 1605 397 1698 (r)

147 1791 195 1854 4.
215 1779 423 1872 Catuloyus
434 1777 686 1853 Libertorum:
701 1813 716 1842 a
729 1779 865 1854 Petrus
880 1778 987 1855 annis
1001 1785 1062 1870 25,
1077 1806 1203 1858 mense
1220 1789 1252 1872 1,

96 1910 238 1986 diebus
262 1916 299 1986 9.
327 1945 342 1974 s
368 1957 415 1965 -
440 1910 624 1987 Eumdem
648 1937 848 1990 numerum
872 1915 994 2016 quoad
1019 1941 1137 1993 annos
1161 1920 1253 1994 assi-

97 2047 224 2144 gnant
244 2043 443 2147 Inscriptio
465 2043 640 2121 Basilioae
663 2044 836 2122 Paulinae
855 2049 906 2144 (a),
928 2047 1132 2149 Catalogus
1159 2051 1255 2127 Feli-

97 2181 153 2256 cis
175 2179 236 2256 IV
255 2183 293 2255 et
309 2204 437 2256 omnes
460 2179 621 2281 catalogi
640 2181 728 2258 editi
747 2195 770 2257 a
788 2181 1013 2258 Bianohinio
1036 2189 1073 2260 et
1089 2211 1113 2259 a
1131 2185 1252 2262 Soles·

97 2316 298 2392 mensibus
317 2321 483 2414 (numero
502 2316 652 2393 circiter
667 2317 837 2418 triginta)
856 2322 993 2419 praeter
1006 2313 1124 2394 unum
1142 2345 1161 2395 c
1180 2345 1248 2396 ms

98 2452 417 2553 Corbeiensirrui
431 2457 479 2528 20
493 2455 639 2528 tantum
657 2477 775 2528 annos
789 2451 914 2538 habet,
934 2455 971 2528 et
988 2451 1148 2560 alterum
1163 2455 1252 2530 item

98 2587 383 2674 Corbeiensem‚
399 2587 463 2688 qui
480 2587 636 2662 Petrum
649 2586 800 2663 omitt't.
818 2631 865 2640 -
880 2585 984 2663 Licet
997 2591 1121 2663 autem
1136 2587 1251 2663 liben-

96 2738 154 2798 ter
173 2723 367 2800 fateamur
380 2722 444 2798 vix
459 2720 580 2798 ullum
598 2721 733 2798 horum
751 2719 1009 2821 catalogorum
1026 2723 1251 2798 constituere

96 2859 368 2936 auctoritatem
394 2859 581 2935 diversam
612 2859 658 2934 ab
689 2858 912 2934 auctoritate
943 2855 1116 2957 Catalogi
1142 2857 1249 2934 Libe-

98 2993 212 3082 riani,
247 2995 413 3069 attamen
442 2991 506 3068 ille
536 3017 666 3068 eorum
696 3016 898 3068 consensus
930 2989 1063 3067 saltem
1089 2991 1250 3067 ostendit

96 3152 170 3204 non
185 3127 358 3205 extitisse
371 3129 610 3205 traditionem
624 3127 738 3204 aliam
753 3152 836 3228 quae
854 3127 1036 3203 minorem
1051 3150 1248 3202 numerum

94 3285 289 3338 annorum
307 3263 412 3339 Petri
433 3261 662 3364 episcopatui
679 3262 873 3339 tribueret.
918 3368 920 3376 y

144 3449 184 3531 3.
218 3453 412 3530 Praeterea
441 3453 687 3530 confirmatur
712 3451 793 3527 haeo
823 3449 1006 3526 sententia
1036 3473 1081 3524 ex
1108 3448 1246 3524 refota-

94 3586 196 3662 tione
223 3593 536 3686 argumentorum
563 3588 735 3664 secundae
762 3587 968 3675 sententiae,
1001 3586 1046 3661 de
1073 3611 1148 3687 qua
1165 3588 1245 3687 jam

96 3723 313 3799 dicendum.

97 4003 189 4068 ·ipsis
207 4003 321 4056 Claudii
338 4005 456 4070 Augusti
474 4006 654 4070 temporibus,
689 4007 708 4057 t.
722 4005 783 4056 XX.
797 4019 823 4069 p.
840 4005 905 4070 l'rl).

97 4093 246 4160 -oenigna
257 4096 286 4146 et
296 4094 510 4146 clementissima
527 4095 576 4147 Dei
592 4109 654 4160 pro·
721 4095 750 4158 (r)
763 4095 794 4144 P.
813 4093 844 4145 L.
858 4095 878 4144 t.
891 4092 1022 4144 xxxllr.
1037 4107 1063 4158 p.
1076 4093 1133 4144 607.
1152 4120 1185 4130 —
1202 4093 1243 4144 Si-

98 4183 249 4237 -videntia
265 4187 446 4237 fortissimum
462 4189 489 4236 et
503 4189 654 4237 maximum
688 4185 765 4236 milia
776 4186 860 4237 habet
874 4185 903 4236 in
915 4183 1051 4236 Chronico
1068 4184 1102 4234 ad
1119 4197 1163 4234 an.
1178 4184 1242 4236 Chr.

98 4291 109 4308 ·
121 4272 194 4326 inter
206 4274 354 4339 apostolos
368 4275 524 4326 Petrum...
539 4275 655 4326 Romam
688 4277 720 4327 42
732 4276 773 4338 (P.
788 4275 819 4326 L.
833 4278 852 4326 t.
866 4273 979 4326 XXVII.
993 4288 1019 4337 p.
1034 4275 1099 4336 577).

98 4383 110 4396 ·
122 4363 256 4416 adversus
272 4363 350 4416 illam
365 4365 476 4431 generis
489 4365 602 4416 humani
616 4365 655 4416 la·
722 4367 751 4429 (a)
763 4365 796 4416 Ρ.
809 4365 840 4416 L.
856 4365 875 4416 t.
889 4361 990 4413 xxxl.
1005 4375 1030 4424 p.
1047 4363 1117 4412 1072.

99 4473 110 4487 ·
122 4455 182 4505 born
199 4471 233 4507 ac
253 4459 359 4522 pestem
380 4457 505 4522 perducit
525 4479 537 4496 υ
557 4457 600 4520 (Ρ.
620 4459 652 4509 G.
720 4459 750 4522 (a)
764 4459 841 4509 lnsra
853 4455 976 4520 append.
992 4469 1017 4517 p.
1031 4454 1083 4505 95.
