3154 5134
548 477 720 522 raomrruu.
1154 461 1213 522 299

54 629 102 706 ad
115 629 227 706 hunc
239 634 367 706 tamen
377 627 500 707 locum
514 629 724 707 distinctius
738 629 965 707 exhibendos
978 634 1210 706 reservantes

53 767 242 868 antiquos
259 766 447 867 catalogos
468 765 557 844 RR.
579 766 661 842 ΡΡ.
682 765 881 843 orientales
901 768 938 841 et
955 763 1091 841 latinos
1109 765 1159 861 (ι).

106 933 147 1016 2.
168 937 483 1014 Dissertationum
503 939 671 1013 nostram
688 935 728 1012 in
746 936 822 1012 tria
843 934 968 1036 capita
987 935 1205 1037 partiemur.

54 1071 238 1157 Quorum
271 1069 434 1171 primum
467 1067 727 1171 complectitur
756 1093 914 1171 eaquae
944 1067 1131 1170 pertinent
1160 1069 1207 1146 ad

52 1205 205 1308 primos
229 1205 269 1284 S.
295 1205 400 1282 Petri
426 1229 656 1282 successores
681 1206 868 1307 usquead
892 1205 1004 1280 finem
1027 1203 1141 1292 seculi
1164 1206 1203 1295 I;

53 1340 227 1417 secundo
243 1339 271 1416 ii
289 1342 527 1416 recensentur
550 1340 614 1440 qui
637 1338 770 1441 reliqui
794 1343 881 1416 sunt
898 1339 937 1414 in
957 1339 1080 1442 prima
1101 1345 1207 1442 parte

55 1474 241 1576 Catalogi
277 1473 479 1563 Liberiani,
511 1475 705 1576 usquead
737 1475 933 1552 Urbanum
967 1474 1108 1551 scilicet
1142 1501 1205 1553 seu

53 1632 205 1684 annum
228 1613 320 1696 230;
348 1608 501 1684 tertium
531 1609 689 1710 denique
715 1609 762 1686 ad
789 1609 900 1684 finem
926 1607 1058 1709 primae
1084 1611 1205 1686 aetatis

54 1741 314 1818 chronotaxin
332 1740 498 1818 deducet.

107 1919 148 2000 3.
169 1921 413 1998 Praeiverunt
425 1924 551 1997 autem
567 1921 672 1998 nobis
685 1921 724 1998 in
735 1922 810 1998 hac
823 1923 981 2000 materia
993 1925 1201 2016 tractanda,

54 2061 200 2157 praeter
222 2056 422 2157 scriptores
447 2056 613 2132 historiae
633 2055 892 2132 ecclesiasticae
913 2061 980 2134 aut
1001 2058 1203 2159 pontificiae

55 2190 262 2289 generalis,
287 2190 497 2291 praecipue:
519 2191 702 2266 Pnanson
722 2190 755 2288 (J
761 2192 783 2287 .)
802 2191 1097 2266 Dissertatioucs
1114 2197 1203 2268 arcte

55 2329 100 2398 de
123 2325 227 2400 serie
249 2334 284 2398 et
305 2325 534 2399 successione
547 2324 773 2418 prr'aaorura
791 2328 922 2400 Rome
940 2325 1201 2420 epr'scoporura

55 2458 170 2554 (inter
197 2461 279 2559 ejus
309 2481 421 2561 opera
449 2460 622 2559 postuma
655 2457 755 2534 edita
784 2481 808 2533 a
838 2456 1007 2534 Dodwell
1037 2459 1195 2536 Londin.

59 2600 168 2672 1688.
196 2599 242 2692 4).
271 2641 317 2650 -
343 2595 537 2671 Doowaon
565 2595 641 2692 (Η.)
668 2596 893 2670 Dissertatio
923 2599 967 2669 tte
996 2597 1080 2670 ΡΡ.
1113 2600 1194 2674 lili.

53 2731 289 2805 successione
303 2728 401 2827 (huic
414 2729 566 2806 editioni
580 2753 734 2830 operum
749 2728 945 2806 Pearsonii
963 2730 1132 2830 adjecta).
1150 2778 1197 2789 —

55 2859 356 2938 Scaansrnnnra
375 2862 445 2960 (E.)
464 2863 688 2938 Dissertatio
707 2868 752 2938 de
770 2865 994 2938 clroaotaai
1007 2869 1087 2940 lili.
1108 2869 1192 2945 ΡΡ.

54 2994 103 3090 (in
117 2999 252 3092 Autiq.
269 2998 410 3075 illustr.
427 3003 516 3076 tom.
530 2997 559 3073 Ι.
576 3023 612 3100 p.
634 3002 725 3096 131).
743 3044 790 3053 —
805 2999 1055 3076 Bannrnnrus
1070 3001 1116 3099 (J.
1134 3004 1194 3102 P.)

53 3123 567 3229 Disqra'sitio'chronolopr'ca
596 3139 641 3209 cte
671 3136 900 3210 successione
933 3136 1195 3233 episcoporum

53 3265 332 3354 Romanorum,
352 3269 444 3343 iude
459 3293 483 3344 a
500 3273 618 3345 Petro
636 3275 823 3365 usquead
846 3271 1043 3347 Victorem.
1066 3271 1193 3350 Ultra-

53 3395 141 3492 jecti
164 3404 268 3475 1740.
289 3408 325 3476 4.
343 3446 388 3454 -
403 3402 555 3478 ers1us
573 3403 634 3501 (R.
656 3404 719 3500 Α.)
736 3406 976 3501 Chrouciopie
993 3411 1061 3480 der
1077 3411 1193 3482 riiruz'-

53 3537 164 3606 selaeu
181 3535 358 3628 Br'sctriise
374 3536 430 3611 bis
447 3561 525 3612 zur
541 3538 652 3613 Mitte
670 3543 735 3612 cles
753 3539 898 3614 aiertea
916 3543 1188 3618 Jorauuaerts.

54 3659 137 3740 Kiel
160 3671 264 3744 1869.
285 3673 310 3744 8
328 3663 395 3766 (2).¹

82 3967 110 4030 (ι)
124 3967 184 4019 Vid.
201 3969 273 4019 iufra
291 3971 414 4035 append.
432 3974 462 4025 K
477 3973 548 4040 (pag.
565 3971 602 4027 88
635 3992 743 4027 morum
776 3982 960 4042 episcoporum
993 3963 1034 4029 ia¹
1054 3981 1190 4032 cathedris

52 4058 126 4124 Β(111)·
634 4068 724 4133 Rara,
738 4071 889 4124 Alexandr.
904 4073 1027 4125 Artiaca.
1040 4082 1065 4125 et
1076 4074 1188 4127 lerosol.

80 4147 108 4211 (a)
119 4149 237 4202 Minoris
247 4155 380 4205 momenti
391 4158 456 4208 sunt
467 4157 599 4208 Disserta-
631 4163 745 4214 auctore
774 4163 812 4214 M.
837 4164 1039 4216 Mocnauncan.
1069 4165 1187 4218 Monast.

52 4239 130 4291 tiores
141 4244 242 4293 crtttcoe
252 4245 408 4306 qrrtndecr'm
419 4248 452 4296 cte
462 4251 532 4299 sarie
540 4251 599 4312 prt-
635 4250 789 4317 Westphal.
804 4255 875 4305 1791.
888 4256 912 4304 4.
