3208 5150
307 1182 918 1326 DISSERTATIO
981 1188 1065 1324 ΙΙ.

111 1569 171 1672 un
210 1569 610 1678 ccurncrnnsn
647 1577 796 1681 uun
838 1576 1261 1736 cnnuanrruuun
1364 1529 1367 1536 ’

402 1831 676 1936 PtSthTls
704 1865 812 1952 (nun.
836 1865 902 1936 suc.
927 1868 975 1956 u).

540 2369 831 2429 nominum.

155 2645 190 2727 l.
211 2644 429 2724 Historiam
448 2645 561 2746 hujus
579 2645 844 2722 controversiae
863 2645 954 2722 satis
971 2644 1134 2725 dilucide
1151 2675 1261 2754 expc-

106 2783 160 2858 nit
183 2782 385 2858 Eu'snnrus
406 2781 507 2856 Hz'st.
528 2784 629 2855 Ecct.
651 2778 716 2854 lib.
739 2779 784 2854 V.
806 2803 887 2880 cap.
908 2783 1023 2856 23-25
1041 2783 1078 2878 (1)
1103 2810 1109 2856 :
1136 2783 1199 2859 ubi
1222 2791 1259 2862 ct

104 2914 285 3015 quaedam
306 2910 482 3001 citantur,
502 2911 582 2989 sive
599 2912 647 2989 ad
664 2913 821 2988 verbum
839 2912 1040 3015 exscripta,
1061 2915 1140 2992 sive
1157 2943 1258 2995 surn-

105 3053 239 3128 rnatim
259 3054 468 3138 contracta,
489 3049 568 3126 sive
585 3049 705 3126 obiter
721 3053 868 3125 tantum
887 3048 1063 3138 indicata,
1084 3077 1129 3128 ex
1148 3053 1258 3131 docu-

104 3184 244 3260 mentis
263 3180 405 3257 coaevis
422 3181 469 3258 ad
488 3206 571 3258 eam
588 3181 855 3283 spectantibua

152 3364 191 3445 2.
208 3362 306 3440 Alia
329 3365 452 3438 autem
473 3361 688 3463 hujusmodi
713 3360 937 3438 documenta
960 3366 1063 3438 certa
1080 3363 1162 3464 jam
1185 3391 1258 3443 nun

102 3501 319 3604 suppetunt
348 3497 463 3574 nobis.
493 3499 624 3599 Neque
653 3496 753 3573 enirn
784 3529 822 3576 u.
848 3495 1067 3573 authentica
1092 3523 1259 3578 asserere

102 3637 227 3715 ausim
259 3637 365 3708 Actu
389 3635 531 3728 synodi
557 3633 819 3720 Coescrteasz'a
853 3656 1014 3733 quorum
1047 3633 1258 3716 versionem

102 3775 267 3851 latinam
291 3768 442 3846 exhibet
463 3767 686 3871 opusculum
706 3793 770 3845 scu
793 3767 1047 3868 fragmentum
1063 3773 1121 3843 De
1138 3773 1257 3866 oequi-

102 3910 226 3987 nocuo
256 3906 411 3982 cernuli
435 3904 533 3982 inter
558 3929 672 4007 opera
698 3902 1079 3993 necuciandum
1106 3905 1258 3982 Bucuu-
1346 3875 1349 3881 Δ

104 4069 190 4122 urus
215 4043 324 4119 inter
347 4040 565 4142 appendices
589 4039 636 4116 ad
662 4037 984 4117 Commentarium
1006 4042 1062 4111 De
1084 4039 1260 4113 doctrina

104 4191 333 4276 temporum
367 4197 409 4249 ac
445 4175 638 4250 Bnnuuus
667 4173 847 4248 inNocu
879 4172 1098 4249 Collecticnc
1130 4171 1259 4262 Cercei-

137 4499 165 4556 u)
178 4493 232 4545 cit.
249 4489 328 4541 intra
340 4489 409 4551 App.
423 4489 461 4539 Β.
473 4489 546 4540 Test.
563 4489 662 4552 ttpng.
676 4484 744 4550 aar.

1061 4621 1065 4628 .
1108 4569 1127 4634 d
