3180 5134
282 455 320 512 98

315 639 433 692 CAPUT
446 637 496 689 lli.
510 665 542 675 -
553 637 654 689 Utrum
665 637 761 690 Victor
772 639 889 690 Asianos
901 638 1059 703 pervicaces
1070 639 1371 692 excommunicationi

347 739 496 802 subjecerit
517 774 1301 792 ...................
1351 781 1361 793 .

314 854 434 906 CAPUT
445 852 586 905 IV.-De
598 853 673 905 exitu
691 853 886 905 controversiae
905 892 1301 906 ..........
1348 894 1358 906 .

312 968 432 1020 CAPUT
443 967 474 1018 V.
484 997 517 1006 -
529 968 569 1020 De
578 955 744 1034 argumento
757 981 790 1018 ex
802 969 854 1019 hac
866 967 1052 1019 controversia
1063 967 1148 1032 petito
1161 967 1293 1018 adversus
1303 966 1355 1017 in·

346 1068 537 1121 iellibilitutem
550 1071 578 1121 et
589 1070 739 1134 primatum
752 1066 872 1120 Romani
885 1067 1029 1118 Pontificis
1032 1102 1349 1117 ........
1430 1069 1464 1118 ’”.

252 1251 254 1256 ·
281 1228 557 1282 mssmn'no
570 1229 628 1280 111.
638 1257 671 1266 -
683 1228 724 1280 De
735 1229 849 1280 auctore
861 1227 952 1293 operis
964 1227 1008 1279 cui
1020 1227 1117 1278 titulus
1129 1221 1348 1296 Φιλοσοῴούμενα

377 1327 393 1388 ll
413 1331 487 1387 aava
509 1333 599 1388 πασῶν
619 1330 739 1401 sipontus
759 1328 887 1401 ἔλεγχος.

344 1428 514 1481 Prooemium
549 1465 1075 1482 .............
1083 1483 1085 1488 ,
1112 1462 1339 1478 ......
1410 1431 1455 1479 82

310 1521 430 1594 CAPUT
443 1543 581 1604 1.-Quo
593 1545 718 1608 tempore
729 1542 998 1606 Philosoptoumcna
1010 1541 1169 1604 conscripta
1180 1539 1254 1590 sint.
1291 1579 1296 1590 .
1334 1576 1341 1589 .
1407 1544 1452 1592 92

312 1651 431 1704 CAPUT
443 1653 479 1705 ll.
492 1655 576 1707 —De
588 1657 698 1708 indiciis
710 1657 810 1719 quinus
820 1655 933 1722 agnosci
944 1655 1042 1706 auctor
1053 1653 1142 1720 possit
1162 1691 1339 1706 .....
1381 1655 1448 1706 102

310 1761 430 1816 CAPUT
443 1765 495 1818 lll.
509 1768 653 1820 —Utrum
663 1767 932 1832 Philosoplseumeno
944 1769 1028 1820 tribui
1040 1767 1147 1833 possint
1159 1767 1294 1833 Origeni.
1331 1805 1337 1816 .
1378 1768 1443 1820 106

309 1873 429 1929 CAPUT
441 1878 486 1930 lV.
500 1907 532 1918 -
544 1880 643 1933 Utrum
661 1880 930 1944 Philosoptoumeno
947 1879 1094 1932 tribuenda
1114 1879 1256 1930 videantur
1273 1877 1339 1944 Hip-

344 1977 439 2043 polyto
468 2019 906 2034 ...........
918 2043 921 2050 Ι
944 2015 1252 2032 ........
1282 1997 1294 2030 ·.
1332 2018 1338 2030 .
1376 1981 1434 2033 109

345 2077 413 2130 Ass.
428 2080 807 2135 l.·-Testimoniarcterum
820 2081 1016 2147 deHippolpto
1046 2115 1355 2132 ........
1392 2103 1406 2123 v

343 2181 411 2232 Aur.
426 2181 461 2233 11.
471 2211 504 2220 —
516 2184 647 2244 Quaenam
661 2200 695 2237 ex
706 2186 749 2236 his
765 2183 929 2237 testimoniis
947 2183 1022 2233 circa
1037 2179 1182 2232 historiam
1199 2159 1360 2246 Hippolpti

375 2282 469 2350 colligi
481 2287 622 2350 potuerint
642 2320 1294 2340 ................
1313 2321 1338 2352 ,.
1376 2283 1425 2335 116

375 2385 393 2447 ἓ
407 2387 428 2437 l.
442 2385 501 2446 Quo
513 2389 636 2452 tempore
648 2390 745 2441 vixerit
755 2389 922 2454 Hippolytus
940 2423 1336 2438 ..........
1393 2405 1406 2428 a

373 2487 426 2548 §2-
440 2487 480 2538 De
493 2490 556 2540 sede
569 2491 718 2556 episcopali
731 2490 874 2556 Hippolyti
893 2522 1334 2540 ...........
1374 2488 1423 2537 lli

372 2587 390 2649 ἓ
401 2588 425 2638 3.
439 2588 479 2639 De
492 2591 621 2655 martyrio
634 2591 777 2657 Hippolyti
809 2626 1334 2643 .............
1373 2589 1421 2639 132

342 2689 410 2740 Ans.
425 2691 475 2741 lll.
489 2719 521 2728 -
533 2693 677 2744 Resolutio
693 2693 853 2757 quaestionis
855 2727 1337 2745 ............
1375 2691 1422 2741 lli

338 2791 406 2841 Aer.
420 2791 465 2844 IV.
480 2821 512 2830 —
523 2794 563 2844 De
575 2797 744 2860 argumentis
757 2795 900 2847 sententiae
913 2795 993 2846 modo
1006 2793 1135 2845 stabilitae
1147 2790 1293 2843 contrariis
1328 2829 1334 2840 .
1374 2791 1421 2841 156

307 2901 426 2956 CAPUT
434 2906 466 2958 V,
477 2935 508 2944 -
517 2908 617 2960 Utrum
628 2907 913 2972 Philosoptoumcaou
923 2909 1018 2959 auctor
1030 2905 1137 2958 censeri
1147 2905 1233 2971 possit
1244 2904 1334 2956 Caius.
1373 2905 1420 2954 168

228 2985 231 2990 ’
339 3006 410 3059 Aur.
424 3007 485 3060 1.-
499 3010 630 3071 Quaenam
642 3014 676 3064 de
687 3012 753 3065 Caio
765 3012 931 3064 tradiderint
942 3013 1047 3063 veteres
1070 3044 1334 3061 .......
1389 3027 1402 3048 „

341 3105 410 3158 Aar.
424 3109 658 3165 lI.-Resolntio
670 3113 830 3178 quaestionis
853 3147 1247 3165 ..........
1283 3127 1289 3160 ι
1327 3147 1335 3160 .
1372 3109 1420 3158 170

309 3216 428 3272 CAPUT
440 3223 485 3274 VI.
498 3251 531 3261 -
542 3225 641 3277 Utrum
654 3226 920 3290 Philosoptoumcno
935 3228 1021 3312 tribui
1036 3226 1144 3292 possint
1154 3222 1334 3277 Tertulliano.
1372 3225 1421 3275 173

340 3319 408 3404 Aur.
420 3322 442 3373 l.
455 3352 487 3360 —
499 3324 539 3376 De
549 3327 619 3378 notis
629 3329 750 3379 auctoris
761 3325 1055 3391 Philosophoumenom
1068 3327 1161 3377 utrum
1172 3324 1336 3377 convenient

371 3423 550 3479 Tertulliano.
592 3467 770 3482 .....
771 3465 774 3470 a
809 3463 1332 3482 .............
1388 3451 1401 3472 u

339 3520 408 3572 Arm.
421 3523 457 3574 ΙΙ.
470 3553 502 3562 -
514 3527 576 3578 Alia
587 3533 749 3594 argumenta
760 3533 858 3582 contra
868 3531 940 3582 hanc
955 3530 1120 3582 sententiam
1155 3565 1333 3581 .....
1371 3531 1421 3583 175

338 3625 407 3678 Aur.
430 3627 480 3680 111.
501 3657 533 3666 —
550 3630 591 3683 De
610 3635 782 3698 argumentis
800 3648 860 3698 quae
876 3634 1029 3686 efferuntur
1040 3635 1074 3684 ad
1086 3635 1158 3684 hanc
1170 3633 1334 3684 sententiam

369 3729 500 3780 tuendam
503 3769 1201 3787 .................
1224 3727 1244 3785 ’.
1281 3770 1288 3785 .
1325 3774 1332 3786 .
1371 3738 1418 3789 177

370 3831 423 3892 §l
437 3831 478 3884 De
488 3805 658 3899 argumentis
669 3839 817 3902 propositis
828 3840 901 3904 apud
912 3839 1046 3891 ¹tallalnert
1058 3841 1086 3891 et
1097 3839 1202 3891 Cruice.
1240 3878 1245 3890 .
1387 3863 1401 3884 ι·

371 3933 389 3994 5
401 3934 425 3984 2.
438 3934 479 3987 De
490 3941 653 4002 argumento
664 3941 806 4005 proposito
818 3943 890 4007 apud
902 3943 936 3994 de
948 3941 1029 3994 Rosai
1066 3978 1332 3993 .......
1370 3944 1418 3993 180

214 4051 216 4054 ·
305 4045 424 4099 CAPUT
433 4048 494 4101 Vll.
508 4051 651 4104 —Utrum
663 4053 930 4118 Philosoptoumeua
945 4058 1030 4109 tribui
1047 4057 1155 4122 possint
1169 4057 1332 4110 Noratiano.
1370 4059 1417 4110 184

271 4208 548 4267 DISSERTATIO
560 4216 613 4268 IV.
627 4245 660 4256 —
671 4218 712 4270 De
723 4220 944 4272 accusationibus
959 4221 994 4271 ab
1012 4223 1123 4272 auctore
1136 4177 1334 4284 Philosophum-

369 4329 466 4366 mcuon
478 4319 593 4381 prolatis
604 4321 734 4374 adversus
746 4321 890 4376 Callistum
902 4323 930 4377 S.
944 4323 976 4375 P.

336 4415 504 4470 Prooemium
543 4461 764 4476 ......
767 4425 782 4471 l
801 4463 1331 4479 .............
1370 4432 1417 4481 190
