3170 5134
359 455 476 502 reooes.
501 455 536 500 oe
557 455 628 500 eurr.
653 452 757 500 saecu.
782 451 842 497 erc.
868 451 1085 500 aususausus.
1255 439 1294 496 85

135 625 173 698 t.
201 618 312 696 XVI.
332 623 424 722 pert.
445 645 499 696 111.
521 618 648 696 Tertia
664 617 823 718 denique
840 615 952 693 editio
966 615 1106 718 prodiit
1118 615 1291 704 Parisiis,

137 783 244 860 quae
261 757 313 834 ita
333 755 510 859 inscripta
527 760 582 833 est
602 785 609 832 :
629 757 980 861 Philosophumene
996 755 1073 828 sice
1089 755 1293 830 hcerestane

137 893 332 968 omnium
351 891 575 985 confutatio.
598 895 705 987 Opus
732 889 888 984 On‘peni
902 890 1151 985 adscriptum.
1172 891 1211 962 Ε
1227 891 1291 964 Co·
1325 965 1327 970 ,

139 1026 236 1099 dice
253 1024 430 1098 Peenno
439 1027 676 1119 productum
693 1023 897 1110 recensuit,
915 1023 1031 1100 latine
1049 1024 1175 1109 vertit,
1191 1023 1293 1098 notis

142 1159 351 1234 variorum
374 1160 530 1253 sumque
559 1159 764 1245 instruere,
789 1158 1069 1260 prolegomenis
1097 1169 1133 1234 et
1156 1141 1292 1232 indici-

141 1293 351 1370 desueuit
369 1295 563 1370 Potentius
587 1292 747 1380 Gauron,
768 1296 837 1368 ete.
860 1293 1027 1369 Pem’siis
1043 1315 1233 1368 cucusum
1249 1293 1291 1368 ia

143 1433 397 1523 typoprapeeo
415 1429 620 1524 imperiali.
647 1432 750 1505 1860.
771 1432 807 1503 8.

197 1599 240 1684 4.
264 1621 340 1687 111.
369 1605 425 1682 De
441 1577 564 1707 operis
582 1610 803 1707 argumento
821 1610 859 1683 et
875 1607 1087 1708 partitione.
1110 1653 1155 1662 -
1177 1608 1289 1684 Hunc

141 1766 301 1842 scopum
323 1739 392 1817 sibi
420 1739 614 1842 proposuit
642 1742 787 1828 auctor,
819 1745 862 1816 ut
890 1745 1090 1842 exponeret
1116 1765 1287 1840 quaenam

140 1874 286 1951 fuerint
309 1873 557 1964 ethnicorum,
579 1875 797 1952 Graecorum
824 1876 1025 1978 praecipue‚
1049 1874 1286 1978 philosopho·

141 2034 231 2086 rum
249 2009 428 2086 doctrinae
445 2009 491 2085 de
507 2008 635 2086 divino
653 2005 805 2086 numine
822 2014 858 2087 et
875 2010 920 2087 de
944 2035 1070 2087 rerum
1087 2010 1231 2112 origine
1249 2013 1286 2110 (1)

138 2149 256 2246 atque
282 2143 380 2233 inde,
404 2142 550 2220 collatis
573 2143 751 2221 doctrinis
777 2144 1039 2222 haereticorum
1064 2143 1127 2247 qui
1152 2145 1287 2222 hucus-

139 2305 217 2384 que
233 2279 467 2370 exstiterant,
487 2281 696 2358 ostenderet
717 2317 732 2346 κ
753 2282 853 2358 unde
870 2286 1025 2358 conatus
1051 2290 1179 2359 eorum
1201 2307 1284 2385 pro-

143 2455 159 2470 ·
184 2415 274 2492 fecti
306 2389 408 2504 sunt·
438 2440 506 2491 neo
536 2414 739 2517 quidquam
772 2440 834 2493 eos
865 2441 911 2491 ex
940 2417 1058 2493 saeris
1088 2416 1284 2519 scripturis

142 2591 158 2606 ·
182 2555 375 2628 mutuatos
397 2575 490 2641 esse,
515 2553 582 2628 aut
603 2549 722 2628 sancti
744 2550 906 2652 alicujus
930 2549 1200 2627 successionem
1221 2551 1284 2626 ob-

141 2727 157 2744 ·
181 2689 390 2774 servantes
411 2687 473 2762 sed
492 2685 640 2762 decreta
656 2683 809 2761 illorum
826 2683 1052 2787 principium
1070 2708 1116 2758 ex
1134 2683 1283 2761 Graeco·

140 2861 156 2888 ·.
182 2845 270 2898 rum
288 2820 471 2923 sapientia
495 2819 660 2910 duxisse,
681 2845 726 2896 ex
749 2819 936 2921 dogmatis
954 2815 1221 2921 philosophicis
1247 2822 1285 2895 et

138 2997 153 3013 η
177 2955 369 3059 mysteriis
382 2956 533 3033 tentatis
548 2959 584 3032 et
598 2954 796 3058 astrologis
810 2955 1177 3058 circumvagantibus
1194 2991 1210 3020 2-
1228 2957 1278 3052 (ε).

135 3097 268 3197 Hujus
302 3093 535 3171 tractationis
570 3117 657 3195 pars
692 3093 796 3195 prior
824 3096 986 3194 quatuor
1015 3091 1146 3194 primis
1175 3090 1281 3168 libris

133 3228 349 3308 absolvitur
374 3231 424 3326 (a).
451 3226 704 3304 Posteriorem
722 3251 788 3304 seu
809 3227 1077 3330 expositionem
1095 3228 1132 3303 et
1152 3226 1241 3303 conf
1265 3269 1279 3282 ·

131 3365 318 3444 tationem
335 3363 502 3441 omnium
524 3361 724 3438 haeresium
742 3363 981 3465 prosequitur
997 3362 1157 3463 scriptor
1174 3360 1279 3462 quin-

132 3525 210 3602 que
239 3497 346 3574 libris
376 3497 628 3600 sequentibus
661 3497 724 3575 ubi
754 3498 912 3600 triginta
940 3498 1089 3574 circiter
1119 3497 1279 3574 haereses

131 3635 387 3711 recensentur.
409 3632 522 3708 Liber
545 3632 711 3709 decimus
728 3632 886 3735 denique
904 3631 1151 3710 summarium
1169 3636 1205 3708 et
1223 3657 1278 3708 re·

161 3931 194 3995 (1)
206 3927 313 3980 Philus.
325 3926 357 3979 V.
370 3929 385 3978 6
396 3927 438 3991 (P.
449 3927 481 3979 G.
494 3929 514 3978 t.
529 3926 601 3980 XVI.
616 3929 686 3993 pert.
722 3929 861 3980 tiumvero
871 3930 905 3980 de
913 3928 1061 3994 astrologis
1071 3929 1098 3980 et
1107 3931 1235 3991 quartum
1245 3929 1279 3980 de

125 4033 165 4072 iu.
180 4033 210 4084 p.
223 4016 308 4080 3123).
722 4019 824 4085 megis3
842 4019 914 4070 unde
930 4019 1040 4070 nonnisi
1057 4019 1193 4070 secundus
1208 4018 1279 4093 liber

157 4111 190 4176 (ι)
210 4106 318 4161 runs.
341 4108 361 4159 1.
382 4121 498 4173 prooem.
519 4111 588 4162 extr.
607 4109 683 4173 (ibid.
718 4111 827 4162 videtur
848 4111 955 4176 integer
982 4109 1149 4169 desiderari,
1178 4113 1279 4174 praeter

125 4219 152 4269 p.
167 4201 257 4256 3022).
720 4202 796 4254 tertii
815 4203 982 4268 principium
1000 4202 1028 4254 et
1050 4202 1162 4262 exitum,
1187 4200 1277 4264 quarti

155 4292 189 4358 (a)
201 4291 361 4342 Aauemmi
373 4289 433 4354 (Op.
447 4289 493 4340 eit.
508 4289 580 4341 intre
594 4290 629 4341 N.
646 4292 685 4352 13)
718 4291 900 4342 exordiumeo
909 4289 1041 4342 nonnulla
1054 4289 1203 4342 identidem
1215 4289 1276 4342 reli-

123 4383 206 4436 veide
230 4381 412 4447 probabiliter
434 4383 565 4447 opinetur
582 4381 684 4433 librum
718 4384 916 4448 quorumloce.

121 4472 284 4527 seeundum
310 4471 450 4525 fuissetis
473 4473 606 4536 mysticis,
630 4473 684 4524 ter-
