3180 5134
471 499 580 547 russis.
604 501 639 546 DE
660 499 831 547 nlrrotlho.
853 491 908 543 Vl.
1228 491 1263 546 27

96 675 234 746 eiusdem
254 667 391 740 Dionysii
406 666 612 739 [Alexandrini]
627 667 753 738 epistola
769 665 807 722 ad
821 665 931 724 iratres
946 668 1048 724 Romae
1068 669 1259 740 conuitutos

95 785 149 841 per
163 765 370 839 Hippolytum
381 763 479 831 missa,
497 764 532 819 de
546 764 641 820 officio
654 763 784 820 Diaconi.
799 787 812 810 s
828 763 874 834 (1).

141 886 181 951 2.
210 892 413 960 catalogus
434 889 651 946 Liberianus.
674 912 688 934 a
773 890 967 960 Temporibus
983 892 1189 952 Alexandri...
1217 897 1258 952 He

94 997 236 1068 tempore
259 995 426 1053 Pontianus
448 994 607 1064 Episcopus
629 994 660 1050 et
679 993 856 1064 Hippolytus
879 993 1040 1064 Presbyter
1063 997 1165 1055 exules
1188 999 1258 1056 sunt

93 1093 250 1164 deportati
264 1093 297 1148 in
313 1091 441 1148 insulam
458 1091 594 1146 nocivam
607 1089 783 1156 Sardiniam,
803 1091 912 1146 Severo
930 1089 961 1147 et
977 1091 1134 1156 Quintiano
1147 1109 1224 1152 coss.
1241 1121 1254 1144 n

92 1192 153 1264 (an.
169 1189 254 1264 235).
271 1187 310 1263 (²)

139 1315 182 1379 3.
211 1320 473 1408 Kalendarium
492 1323 682 1378 Romanum
701 1333 769 1377 sec.
785 1320 834 1377 lv.
852 1342 865 1366 u
884 1321 982 1379 idibus
995 1324 1129 1395 Augusti.
1149 1327 1255 1398 Hippo·

92 1423 149 1494 lyti
164 1425 197 1479 in
211 1421 383 1492 Tiburtina,
397 1422 427 1479 et
440 1423 576 1480 Pontiani
589 1424 620 1478 in
633 1423 756 1480 callisti.
772 1449 785 1471 n
797 1423 833 1495 (s)

136 1549 180 1613 4.
204 1555 466 1612 Kalendarium
486 1555 765 1627 carthaginense
787 1573 846 1617 sec.
868 1560 916 1616 Vl.
940 1559 989 1616 vel
1012 1562 1045 1618 V.
1069 1584 1082 1606 u
1108 1561 1178 1619 idus
1197 1565 1250 1634 Ag.

92 1665 178 1722 sanct
179 1666 188 1720 i
205 1662 404 1734 Hippolyti.
391 1664 454 1735 (4)

136 1784 179 1849 5.
211 1786 407 1856 catalogus
429 1786 559 1842 Felicis
582 1789 632 1844 lV.
654 1802 707 1844 seu
730 1802 798 1844 sec.
822 1791 874 1844 Vl.
892 1813 905 1835 u
927 1789 1088 1848 Pontianus
1107 1793 1253 1864 martyrio

93 1893 265 1949 coronatur
285 1890 467 1960 temporibus
487 1891 693 1948 Alexandri...
718 1892 828 1948 Eodem
848 1893 982 1963 tempore
999 1895 1161 1952 Pontianus
1174 1898 1254 1969 Epis-

93 2003 188 2058 copus
208 1986 241 2044 et
258 1985 435 2056 Hippolytus
453 1987 615 2057 Presbyter
633 1989 724 2044 exilio
742 1990 812 2045 sunt
830 1991 962 2061 deputati
982 1992 1019 2047 ab
1038 1993 1205 2052 Alexandro
1222 1996 1251 2051 in

95 2084 272 2141 Sardiniam
286 2083 412 2139 insulem
426 2084 616 2144 Bucinum...
633 2111 647 2133 n
662 2083 698 2158 (5)

135 2208 178 2272 6.
196 2219 399 2272 Pnuoanrms
419 2214 474 2286 (ob.
499 2219 543 2272 iu.
565 2231 620 2275 sec.
645 2217 683 2288 V)
706 2219 993 2291 Peristepbanon
1006 2222 1125 2291 Humu.
1142 2226 1183 2281 ll.
1198 2224 1251 2282 Ad

11 2363 14 2370 .
98 2317 308 2376 Valerianum
321 2317 505 2390 Episcopum
518 2325 555 2376 slc
564 2326 709 2392 passione
722 2322 755 2380 S.
770 2323 936 2394 Hippolyti
947 2326 993 2384 M.

191 2472 205 2494 u
220 2451 389 2502 Innumeros
401 2452 509 2504 cineres
522 2457 681 2506 sanctorum
694 2455 815 2508 Romula
826 2457 855 2508 in
867 2460 935 2510 urbe

260 2541 398 2603 Vidimus,
410 2556 427 2594 o
439 2543 543 2595 Christi
554 2545 701 2598 Valeriane
713 2561 793 2598 sacer
794 2585 844 2600 .....

166 2671 168 2674 .
190 2631 262 2682 Haec
274 2631 339 2681 dum
351 2629 440 2682 lustro
452 2633 552 2696 oculis,
565 2635 593 2684 et
604 2634 694 2686 sicubi
706 2635 776 2686 rorte
784 2636 903 2688 latentes
1167 2657 1193 2694 v.
1207 2647 1246 2696 17.

257 2720 363 2772 Rerum
375 2721 468 2786 apices
479 2723 603 2774 veterum
615 2737 664 2788 per
676 2726 857 2777 monumenta
869 2740 980 2790 sequor,
1007 2723 1010 2728 '

187 2809 306 2861 Invenio
318 2807 510 2875 Hippolytum,
524 2811 571 2874 qui
584 2815 723 2874 quondam
736 2814 857 2866 schisma
868 2816 967 2867 Novati
1101 2865 1103 2868 .

255 2891 413 2964 Presbyteri
423 2900 470 2966 [nl.
479 2901 640 2968 Presbyter]
647 2904 787 2968 attigerat,
797 2905 892 2956 nostra
900 2908 1041 2969 sequenda
1047 2922 1193 2975 neganspr.
1202 2914 1243 2966 20.

185 2991 285 3054 Usque
297 2991 332 3041 ad
343 2991 469 3056 martyrii
481 2993 640 3055 provectum
652 2991 771 3058 insigne,
784 2992 883 3046 tulisse

252 3077 360 3128 Lucida
371 3079 516 3144 sanguinei
528 3080 641 3143 praemia
654 3079 792 3145 supplicii.

185 3167 245 3218 Nec
261 3166 363 3218 mirere
374 3169 479 3228 schem,
492 3167 614 3231 perversi
626 3169 764 3233 dogmatis
776 3168 852 3230 olim,

253 3254 370 3306 Munere
382 3254 500 3327 ditatum
511 3255 656 3306 catholicae
667 3257 742 3306 fidei.

185 3343 255 3396 Cum
264 3345 324 3406 jam
336 3357 437 3395 vesano
448 3345 537 3395 victor
548 3345 692 3408 raperetur
704 3347 739 3397 ab
751 3347 840 3410 hoste,

252 3431 417 3484 Exsultanie
428 3433 522 3484 anima
532 3434 625 3485 carnis
637 3435 672 3485 ad
684 3435 808 3494 exitium,
842 3417 845 3427 ’

185 3521 282 3574 Plebis
293 3535 388 3574 amors
400 3537 456 3574 suaa
468 3523 563 3574 multis
574 3524 772 3576 comitantibus
781 3525 843 3577 ibat
855 3544 862 3576 ι

249 3611 399 3664 consultus
411 3625 538 3674 quaenam
549 3615 626 3666 aecta
637 3615 707 3666 ieret
719 3614 826 3676 melior,

183 3701 363 3766 Respondit:
377 3701 487 3768 Fugite,
500 3716 517 3754 ο
529 3703 633 3768 miseri,
646 3705 816 3756 exsecranda
827 3705 927 3756 Novati

250 3789 424 3842 Schismata:
440 3791 585 3842 catholicis
596 3793 703 3846 reddite
714 3807 762 3845 vos
775 3793 894 3858 populis.
1157 3811 1181 3848 v.
1195 3800 1235 3850 3ο,

109 4034 275 4089 (hilarastis
291 4035 418 4082 valesius.
431 4037 460 4082 In
476 4047 560 4094 grisco
575 4039 643 4084 textu
701 4038 887 4095 (atMouussru
902 4050 928 4095 p.
939 4042 1030 4086 ost.-
1041 4041 1071 4086 P.
1088 4042 1116 4087 1..
1129 4045 1148 4088 t
1164 4045 1233 4094 xm

83 4115 301 4163 aulemhabetur:
296 4105 644 4178 κκῖἑτέραιτιςέπιστολ)
673 4130 698 4175 p
711 4122 762 4164 4445

84 4191 210 4259 τοῖςέν’
214 4195 292 4266 boas
309 4218 357 4255 τον
378 4201 510 4256 haevvaiov
528 4197 640 4272 Φέρεται
697 4214 724 4266 (s)
746 4212 813 4258 P.l.
827 4212 926 4258 txlll.
941 4225 965 4270 p.
979 4217 1042 4259 1223.

84 4279 208 4352 3444444444)
222 4285 268 4343 aab
281 4285 454 4346 Ιππόλυτου.
701 4305 728 4360 (s)
740 4303 959 4364 scusasrnssrs,
973 4305 1060 4359 Asello.
1074 4309 1168 4355 illustr.
1182 4312 1199 4356 4.
1213 4311 1232 4356 l.

108 4373 133 4428 (4)
146 4373 192 4421 Hd.
212 4376 363 4434 Mouusau,
381 4374 459 4422 Ueber
475 4382 526 4424 deu
545 4377 641 4428 Carere.
673 4395 697 4440 p.
710 4388 760 4430 sla.

85 4462 135 4500 som
143 4454 167 4502 J.
178 4460 231 4515 354,
239 4467 264 4513 p.
273 4459 321 4503 ⁶35.
336 4482 364 4491 -
373 4458 402 4502 P.
412 4458 440 4505 1..
449 4460 467 4505 l.
477 4459 546 4506 x111.
557 4471 573 4516 p
591 4463 643 4506 449.
