3112 5144
336 378 394 436 150
570 393 640 439 mss.
664 395 705 440 ιιι.
728 395 765 440 nn
785 395 911 442 ,sumone
932 393 1231 442 ruinosoreounenon.

334 581 422 634 nam
447 558 492 634 de
520 559 641 636 Verbo
667 560 764 637 Filio
792 561 860 638 Dei
886 564 1089 638 occurrunt
1119 559 1259 638 similes
1285 559 1321 636 in
1344 563 1462 636 nostro
1536 525 1537 570 ³

334 717 445 794 opere
466 699 503 771 et
525 695 564 770 in
587 699 753 775 tractatu
777 697 974 799 Hippolyti
998 703 1129 774 eontra
1154 697 1314 776 Noetum
1334 699 1382 792 (ι).
1407 695 1464 772 Sio
1536 711 1537 740 ι

370 883 539 944 eruens.
558 889 593 942 X.
613 887 649 945 33
667 889 706 945 in.
727 909 734 945 :
755 892 883 945 “causa
955 904 990 946 a.
1006 887 1121 946 Contra
1138 887 1225 945 Hoer.
1245 889 1343 954 Nocti,
1362 903 1389 942 n.
1412 887 1462 942 10:
1536 921 1537 930 ι

338 997 468 1038 aeorum
500 999 566 1054 quoe
596 988 727 1042 existunt
756 987 884 1043 Verbum
924 989 1062 1043 “Eorum
1080 1002 1146 1057 quee
1164 987 1242 1043 facte
1260 987 1336 1052 sunt,
1355 985 1463 1047 ducem,
1536 977 1537 1010 i

337 1106 350 1126 n
365 1081 440 1148 erat,
464 1082 493 1136 in
516 1085 673 1155 semetipso
695 1087 813 1155 gestans
835 1101 887 1140 vo·
925 1111 938 1130 n
953 1085 1154 1141 consiliarium
1166 1085 1196 1140 et
1207 1086 1371 1155 operarium
1385 1096 1465 1152 gene
1536 1081 1537 1130 ι

338 1205 350 1226 n
365 1179 508 1238 luntetem
517 1183 668 1254 genitoris,
676 1185 753 1240 haud
764 1185 886 1256 ignarus
925 1210 938 1229 n
953 1183 1039 1240 rebat
1049 1185 1191 1250 Verbum
1207 1182 1461 1254 mouvenhem...
1536 1177 1537 1258 ι

338 1279 497 1349 npaternae
520 1281 751 1351 cogitationis...
776 1285 883 1350 Quare,
925 1282 1135 1353 »deprompsit
1153 1282 1301 1338 creaturae
1320 1281 1464 1336 Dominum
1536 1327 1537 1338 ι

337 1377 454 1433 ”Patre
478 1377 601 1447 jrrbente
630 1379 693 1436 deri
725 1382 882 1448 mundum,
924 1395 1214 1437 »sensumsuumn
1241 1395 1307 1434 -n.
1327 1377 1462 1434 istosin:
1536 1367 1537 1442 ζ

337 1501 350 1522 n
365 1475 481 1546 singulo
494 1479 619 1534 Verbum
640 1479 809 1548 perficiebat
826 1481 885 1550 ple·
925 1509 938 1524 κ
954 1479 983 1534 Si
997 1493 1067 1549 ergo
1081 1479 1208 1534 Verbum
1223 1477 1352 1533 mittitur
1364 1491 1413 1546 per
1423 1477 1466 1528 ie·
1536 1495 1537 1500 ¹

336 1601 349 1622 n
364 1591 434 1632 cens
458 1579 524 1632 Deo,
605 1581 704 1647 Neque
727 1579 885 1649 procedere
925 1593 1019 1634 nsum
1040 1576 1200 1641 Christum,
1221 1575 1358 1631 voluntas
1377 1574 1466 1630 Patris
1536 1623 1537 1658 p

338 1675 483 1744 ”possent
517 1676 649 1731 mascula
677 1678 708 1732 et
741 1677 881 1755 feminea«,
923 1677 997 1732 „est
1020 1679 1106 1731 iesus
1129 1675 1264 1732 Christus
1298 1702 1311 1721 n
1331 1706 1365 1716 -
1388 1690 1413 1729 n.
1435 1674 1466 1728 ιι
1536 1687 1537 1714 ι

335 1798 347 1818 a
364 1771 419 1828 nisi
439 1774 464 1828 si
478 1772 550 1829 velit
563 1774 670 1844 jubens
684 1777 760 1830 Deus
775 1776 888 1831 utVer-
926 1776 965 1831 in.
980 1796 986 1831 :
1004 1799 1017 1820 u
1032 1776 1158 1831 ioannes
1172 1775 1202 1830 in
1216 1775 1403 1846 Evangelio...
1416 1773 1467 1828 hoc

336 1871 434 1928 ”bum
454 1871 596 1928 inserviat
616 1898 628 1920 n
651 1873 695 1944 (P.
715 1875 747 1929 G.
768 1874 790 1930 t.
810 1875 883 1931 XVI.
926 1898 939 1919 n
954 1872 1082 1928 Verbum
1093 1871 1252 1928 confltetur
1266 1875 1366 1938 Deum,
1377 1873 1416 1928 sie
1428 1872 1468 1925 in·
1536 1907 1537 1922 2

333 1969 409 2038 part.
425 1983 468 2026 111.
484 1984 512 2040 p.
528 1971 619 2042 3448).
926 1997 938 2017 n
954 1971 1057 2040 quiens
1079 1991 1086 2026 :
1109 1975 1139 2026 in
1160 1971 1304 2041 principio
1323 1972 1386 2026 eret
1403 1971 1466 2024 Ver·
1536 1987 1537 2053 i

844 2094 856 2114 n
873 2068 977 2124 burn...
1007 2068 1036 2123 Si
1059 2083 1129 2137 ergo
1155 2067 1284 2123 Verbum
1309 2069 1373 2124 erut
1395 2065 1466 2136 apud

589 2195 602 2214 n
618 2171 721 2233 Deum,
736 2171 766 2224 et
783 2171 860 2224 Deus
877 2169 951 2236 eret,
966 2165 1035 2236 quid
1053 2167 1160 2234 ergoi..
1177 2167 1255 2220 Duos
1269 2166 1385 2234 quidem
1399 2167 1466 2220 Deos
1536 2147 1537 2218 ἶ

590 2293 602 2313 n
619 2282 676 2323 non
694 2267 801 2332 dicam,
820 2266 870 2324 sed
889 2281 980 2321 unum
996 2285 1002 2320 :
1018 2279 1158 2335 personas
1175 2277 1247 2318 vero
1264 2263 1370 2320 duos...
1384 2265 1467 2319 Pater

588 2364 746 2428 „mannan
770 2363 898 2419 Verbum
920 2363 1050 2442 perficit,
1074 2361 1164 2416 Filius
1186 2363 1285 2416 autem
1309 2360 1466 2416 ostenditur
1536 2371 1537 2400 ι

587 2486 599 2507 n
615 2475 668 2530 per
690 2475 777 2530 quem
802 2461 890 2515 Pater
913 2459 1054 2515 creditur.
1080 2459 1251 2514 OEcononria
1276 2458 1467 2514 consensionis
1536 2447 1537 2474 ³

588 2559 760 2628 ”redigitur
777 2558 813 2613 ad
832 2573 923 2613 unum
943 2560 1059 2613 Deum:
1079 2572 1156 2613 unus
1173 2557 1251 2612 enim
1268 2557 1315 2613 est
1332 2560 1404 2612 Deus
1418 2556 1465 2625 qui
1536 2565 1537 2614 ι

587 2681 599 2701 n
615 2655 744 2717 mandet,
757 2655 859 2722 Peter;
871 2655 922 2724 qui
933 2654 1041 2720 obedit,
1053 2653 1144 2710 Filius
1156 2679 1169 2701 n
1181 2654 1224 2726 (P.
1237 2656 1270 2710 G.
1279 2655 1301 2710 t.
1312 2655 1346 2710 ii.
1358 2669 1385 2724 p.
1394 2653 1464 2724 818).

365 2790 396 2844 o.
418 2787 534 2846 Philos.
562 2790 630 2846 ibid.
658 2813 671 2836 a
699 2793 761 2846 Non
788 2793 879 2846 Deum
952 2792 985 2846 o.
1006 2787 1119 2844 Contra
1138 2786 1223 2844 Haer.
1243 2787 1342 2858 Noeti,
1361 2803 1386 2844 n.
1408 2789 1440 2842 1ss
1458 2807 1464 2842 :

331 2910 343 2930 ν·
359 2885 460 2940 volens
477 2886 574 2942 secere
592 2887 704 2944 fefellit.
720 2902 812 2957 neque
829 2902 878 2942 an·
918 2911 931 2931 a
947 2886 1019 2951 Quid
1042 2887 1087 2941 est
1106 2887 1205 2942 autem
1225 2885 1303 2954 quod
1323 2900 1359 2940 ex
1378 2885 1465 2940 Patre

332 3006 344 3027 n
359 2982 456 3050 gelum
475 2981 522 3053 (ne
542 2984 630 3055 erra),
650 2985 699 3040 sed
719 2984 877 3040 hominem.
920 2983 1040 3039 »exivit
1054 2983 1109 3042 nisi
1123 2982 1302 3039 Verbumi...
1319 2983 1371 3039 Sed
1388 2982 1464 3037 dicos

331 3081 431 3134 ”Num
456 3081 480 3135 si
505 3083 596 3136 Deum
620 3083 650 3138 te
673 3083 816 3138 voluisset
839 3083 879 3138 sa·
918 3107 931 3128 n
947 3081 1018 3138 mihi
1042 3102 1048 3137 :
1074 3081 1225 3147 Quomodo
1251 3082 1381 3152 genitum
1404 3083 1462 3137 esti

332 3177 878 3248 »cere,poterat;habesuerbiexem-
918 3205 931 3226 ι
946 3182 986 3234 De
1013 3179 1099 3234 Verbi
1125 3179 1324 3248 generationis
1354 3179 1462 3234 ratione
1536 3209 1537 3212 =

332 3299 344 3320 n
359 3273 441 3344 pium
456 3300 469 3322 ι·
483 3277 576 3346 (Τοιιι.
593 3278 642 3332 cit.
658 3292 686 3348 p.
702 3279 774 3334 3449
791 3277 875 3348 init).
917 3277 1069 3348 noueris,
1089 3291 1148 3346 qua
1170 3279 1246 3332 Deus
1270 3277 1359 3342 Peter
1380 3293 1460 3347 gene·
1536 3299 1537 3322 ι

839 3401 851 3422 n
864 3389 932 3430 rare
942 3374 1050 3430 voluit:
1062 3374 1215 3444 generavit
1224 3357 1458 3432 siculvoluit...=›

835 3477 928 3545 (Torn.
944 3475 994 3531 cit.
1010 3489 1037 3544 D·
1053 3473 1126 3545 826).

358 3719 387 3777 ιιι
408 3717 476 3768 Aliae
495 3719 628 3782 preterea
647 3717 740 3768 edei-ri
756 3719 877 3782 possent,
912 3719 1008 3782 paneis
1035 3717 1183 3783 propositio
1214 3718 1361 3770 concordio
1393 3720 1456 3785 opud

327 3811 356 3859 ιιι
368 3825 391 3860 ι’.
405 3825 431 3876 g.
445 3811 561 3862 celebris
574 3811 716 3862 distinctio
728 3811 799 3861 inter
810 3811 878 3862 Ver·
913 3811 1091 3876 Hippolytum
1119 3811 1147 3860 et
1172 3813 1315 3860 auctorem
1342 3815 1456 3864 nostrum

325 3903 390 3952 bum
400 3903 463 3952 ento
473 3915 567 3951 rorum
579 3901 745 3953 creationem
757 3901 786 3952 in
799 3902 881 3952 Patre
915 3901 1033 3953 deducti.
1042 3929 1074 3938 -
1085 3900 1174 3952 Porro
1186 3901 1453 3966 adversantiumque

323 3989 414 4041 latens
442 3993 467 4041 et
502 3991 530 4041 in
565 3991 704 4042 creatione
734 3991 878 4055 prolatum.
915 3990 976 4040 dom
990 3990 1077 4055 magis
1093 3987 1231 4054 explicato
1242 4003 1303 4039 esse
1318 3989 1346 4039 in
1362 3993 1453 4054 proies·

325 4081 496 4143 Quamquam
508 4082 601 4132 antoni
618 4083 736 4132 fatemur
753 4081 803 4131 has
819 4079 876 4145 opi·
913 4081 990 4132 sione
1003 4079 1067 4130 fidei
1078 4079 1124 4129 ιιιι.
1136 4079 1162 4129 X
1173 4077 1291 4140 Pindos,
1305 4081 1421 4140 quaeduin
1431 4081 1453 4129 in

323 4171 420 4221 niones
433 4183 488 4220 non
500 4170 539 4221 ite
556 4171 683 4235 proprios
701 4183 761 4221 esse
774 4169 878 4234 Hippo·
914 4170 1031 4221 trectetu
1048 4171 1146 4220 contre
1161 4167 1289 4228 Nestum,
1302 4169 1373 4230 quod
1385 4169 1452 4220 sicile

261 4289 278 4310 a
323 4259 381 4324 lyto
395 4261 424 4309 ut
436 4260 508 4323 apud
521 4258 626 4310 nullum
639 4259 722 4310 elium
736 4259 876 4324 reperien·
909 4257 1113 4324 intelligiturex
1122 4256 1450 4310 diversitatcmnteriescu

322 4353 377 4410 tur,
390 4351 511 4401 attamen
522 4349 585 4400 inde
604 4363 657 4400 non
670 4350 821 4400 destruitur
837 4349 878 4400 vis
911 4349 988 4414 scopi
999 4350 1064 4412 (Cir.
1075 4347 1190 4399 inireN.
1203 4347 1254 4408 dd).

321 4441 477 4506 argumenti
499 4455 532 4490 ex
552 4441 624 4491 mira
642 4439 690 4490 ille
710 4440 842 4492 doctrinm
862 4454 878 4490 a
