3170 5134
483 432 544 478 cnr.
568 433 606 478 ιν.
630 431 664 478 au
686 431 870 478 urrroarrus.
1195 419 1253 480 159

114 595 247 675 scilicet
270 598 471 701 quemdam
496 597 670 687 militem,
696 599 760 700 qui
785 598 980 676 Laurentii
1005 603 1130 678 custos
1156 605 1250 691 erat,

114 733 155 810 ab
176 758 218 810 eo
243 733 360 810 fuisse
383 759 606 812 conversum
627 738 665 812 et
686 739 770 838 post
793 735 918 837 ipsum
941 736 1125 839 martyrio
1149 761 1252 814 coro·

113 877 247 943 natum.
269 869 325 945 De
348 893 483 970 genere
504 873 631 946 autem
653 870 827 972 martyrii
849 871 930 972 ejus
949 874 985 946 et
1002 871 1048 947 de
1065 871 1151 950 aliis
1169 897 1254 976 quae

113 1005 309 1078 narrantur
329 1002 370 1078 in
390 1003 495 1080 Actis
518 1003 745 1107 apocryphis
772 1005 810 1084 S.
837 1005 1032 1083 Laurentii
1057 1007 1152 1085 nihil
1176 1014 1252 1088 tra-

113 1135 209 1214 dunt.
236 1138 286 1215 At
312 1137 400 1214 inde
422 1162 446 1214 a
469 1164 541 1216 seo.
569 1139 645 1216 VII
669 1139 729 1215 vel
754 1140 849 1217 VIII
872 1141 1042 1218 unanimi
1069 1168 1251 1221 consensu

112 1277 349 1350 monumenta
370 1273 640 1364 Occidentalia,
665 1275 875 1377 praesertim
896 1274 1088 1377 liturgica,
1110 1277 1252 1380 Hippo-

112 1407 227 1510 lytum
239 1409 430 1486 celebrant
447 1410 651 1487 secundum
670 1410 805 1488 horum
819 1412 1000 1488 Actorum
1018 1410 1249 1489 relationem.

114 1543 235 1645 Neque
259 1544 297 1620 id
324 1545 417 1620 adeo
443 1545 657 1624 mirandum
683 1550 750 1623 est.
779 1545 905 1634 Quum
930 1545 1031 1622 enim
1058 1548 1253 1625 Laurentii

113 1681 285 1757 memoria
309 1681 350 1756 in
372 1681 549 1758 universa
572 1681 729 1759 ecelesia
753 1682 988 1761 Oooidentali
1012 1682 1166 1760 celebris
1189 1684 1252 1760 ad-

113 1813 258 1890 modum
275 1820 312 1891 et
329 1815 370 1890 in
388 1815 553 1892 maxima
570 1816 810 1893 veneratione
824 1820 860 1892 et
877 1815 982 1892 cultu
1001 1819 1110 1904 esset,
1127 1817 1254 1894 statim

113 1952 216 2050 atqua
240 1955 498 2053 apparuerunt
520 1951 616 2028 Aeta
637 1949 704 2027 illa
726 1949 937 2052 passionem
959 1949 1040 2049 ejus
1062 1949 1144 2026 fuse
1168 1974 1253 2027 nar-

112 2086 228 2162 rantia
250 2088 301 2185 (1),
326 2085 437 2162 avide
461 2086 598 2187 ubique
620 2085 716 2162 lecta
738 2110 818 2162 esse
838 2085 904 2160 vix
926 2084 1090 2161 dubitari
1115 2088 1249 2188 potest,

114 2242 173 2294 nee
194 2217 316 2296 solum
340 2220 532 2322 privatim,
557 2221 621 2298 sed
645 2221 758 2298 etiam
782 2219 929 2324 publice
949 2220 989 2296 in
1011 2220 1175 2298 eeclesiis
1198 2225 1250 2320 (2),

113 2356 145 2428 et
176 2353 243 2432 ita'
262 2355 368 2432 brevi
402 2359 568 2459 tempore
601 2356 723 2460 potuit
760 2356 920 2434 existere
957 2357 1111 2433 traditio
1145 2359 1252 2460 quasi

113 2485 332 2566 universalis
356 2491 458 2568 eirea
481 2517 632 2594 eaquae
656 2492 695 2569 in
719 2493 778 2569 his
795 2493 901 2568 Actis
926 2492 1045 2570 relata
1068 2496 1167 2570 sunt.
1190 2494 1253 2572 Sio

113 2623 231 2726 itaque
252 2630 289 2702 et
310 2631 444 2729 crypta
466 2631 503 2704 et
524 2627 616 2718 dies,
641 2653 724 2730 quae
747 2653 818 2705 seo.
841 2628 896 2705 IV
919 2627 1125 2732 Hippolyto
1149 2654 1251 2732 pres-

19 2776 23 2805 s'
110 2756 234 2857 hytero
258 2785 324 2836 seu
350 2760 522 2863 episcopo
548 2764 774 2838 consecratae
799 2763 919 2849 erant,
946 2761 1137 2838 attributae
1164 2765 1253 2839 sunt

109 2890 310 2998 Hippolyto
341 2897 454 2975 militi
488 2928 495 2974 :
529 2898 642 3000 idque
670 2923 713 2974 eo
744 2896 893 2974 facilius
924 2897 1021 2998 quod
1053 2900 1090 2973 et
1119 2903 1252 2999 crypta

103 3027 209 3126 juxta
230 3031 427 3109 basilicam
450 3033 488 3111 S.
511 3033 705 3112 Laurentii
729 3032 802 3109 sita
825 3035 862 3109 et
879 3031 957 3108 dies
985 3035 1029 3108 13
1046 3031 1144 3131 Aug.
1164 3055 1251 3140 pro-

107 3162 206 3242 xima
230 3172 312 3244 erat
341 3166 415 3244 diei
445 3191 520 3270 qua
549 3167 808 3245 celebrabatur
833 3165 1014 3243 memoria
1040 3165 1247 3242 Laurentii.

155 3344 222 3428 44.
246 3348 476 3452 Hippolytus
499 3375 588 3427 vero
612 3348 676 3426 ille
700 3349 744 3425 de
768 3374 840 3451 quo
863 3348 903 3423 in
923 3347 1028 3424 Actis
1051 3347 1089 3425 S.
1115 3347 1252 3425 Aureae

106 3489 140 3562 et
171 3487 210 3564 in
242 3489 405 3592 propriis
438 3489 545 3566 Aotis
574 3491 610 3589 (a)
644 3493 756 3590 atque
789 3488 829 3563 in
864 3485 1139 3588 Martyrologio
1174 3487 1251 3566 Ro-

13 3679 14 3732 }
107 3641 215 3697 mano
234 3625 284 3720 (l),
305 3621 493 3724 praecipue
515 3622 670 3699 celebris
692 3621 764 3699 fuit
780 3621 820 3697 in
839 3620 1005 3709 Oriente,
1025 3621 1089 3697 ubi
1110 3621 1253 3724 pariter

106 3758 227 3837 cultus
255 3761 294 3840 S.
325 3761 462 3838 Aureae
485 3761 686 3838 admodum
714 3759 906 3863 popularis
936 3762 1029 3836 erat.
1057 3759 1101 3835 In
1126 3758 1252 3838 citatis

108 3893 209 3972 Actis
233 3895 396 3973 refertur
418 3899 567 3974 tantum
593 3895 808 3998 sepelivisse
834 3917 969 3995 corpus
988 3892 1027 3971 S.
1048 3895 1184 3970 Aureae
1207 3919 1252 3971 ao

137 4169 168 4228 (ι)
186 4167 301 4220 Eisone
316 4169 511 4230 antiquissima
526 4169 662 4232 videntur,
730 4169 760 4232 (a)
773 4165 839 4225 Quae
849 4166 970 4216 ceterum
983 4179 1015 4216 en
1028 4165 1104 4218 Aelia
1114 4165 1140 4216 S.
1155 4165 1252 4216 Aureae

111 4255 176 4307 torte
188 4272 242 4308 seo.
256 4257 287 4308 V.
302 4257 344 4309 rel
357 4260 430 4310 certa
442 4259 478 4310 Vl
495 4262 543 4311 aut
554 4259 613 4311 Vll.
698 4257 843 4309 manifeste
855 4256 1000 4320 desumpta
1010 4255 1082 4305 sunt.

140 4350 168 4412 (a)
182 4350 237 4401 cn.
257 4347 363 4400 balred.
386 4349 485 4403 Gener.
503 4351 595 4403 Tract.
613 4351 663 4403 111.
731 4348 917 4412 (slTest.V1.
932 4347 978 4410 12,
997 4347 1045 4406 18.
1060 4346 1102 4398 42
1114 4345 1248 4410 (append.

112 4441 172 4510 cap.
186 4445 222 4498 11.
236 4446 386 4513 aarum.
403 4449 468 4510 us).
695 4437 898 4512 paggaassb·
