3170 5134
282 443 321 501 st
518 455 589 501 mss.
612 457 652 501 ur.
677 454 712 501 nc
733 454 861 503 rotrone
881 455 1182 505 rnrnosoruoarmaos.

204 694 205 707 .
331 625 367 709 2.
392 627 567 707 Oodicem
591 627 690 705 hunc
711 629 750 706 in
781 628 1055 706 Bibliothecam
1084 629 1227 732 regiam
1255 630 1430 708 Parisiis

279 765 427 842 illatum
456 789 542 841 cum
566 762 784 865 diligentius
810 764 1040 841 examinaret
1070 763 1292 842 Emmanuel
1320 765 1430 842 Min·

278 924 367 989 nnn,
387 898 448 976 oui
471 897 665 1001 provincia
682 897 771 975 dato
793 898 917 975 fuerat
933 896 1036 974 illius
1054 902 1092 974 et
1112 897 1273 975 aliorum
1290 923 1315 975 a
1331 899 1428 1000 My-

277 1036 386 1114 notde
418 1036 539 1136 Myna
572 1033 775 1111 allatorum
807 1035 958 1110 brevem
991 1031 1165 1111 notitiam
1198 1031 1425 1110 conficiendi

275 1167 445 1274 catologo
463 1192 552 1244 mss.
573 1167 824 1256 inserendam,
844 1165 1088 1269 deprehendit
1105 1166 1202 1243 hano
1223 1165 1424 1242 refutatio-

274 1325 360 1377 nem
382 1300 583 1378 haeresium
608 1300 777 1378 eamdem
798 1324 879 1377 esse
895 1324 982 1376 cnm
1004 1298 1071 1376 ille
1088 1302 1196 1402 cujus
1214 1302 1282 1377 sub
1303 1299 1422 1377 titulo

276 1437 451 1532 Oriyeuis
462 1439 812 1534 Philosophumeua
828 1435 967 1512 librum
980 1435 1145 1538 primum
1163 1438 1319 1512 exeunte
1336 1459 1416 1511 sec.

272 1569 385 1647 XVII
403 1571 519 1648 edidit
533 1573 758 1650 Gnouovrns
771 1571 811 1646 in
824 1595 891 1647 suo
913 1575 1106 1646 Thesauro
1118 1569 1421 1664 Antiquitatum

274 1709 511 1782 Graecarum.
554 1705 746 1784 Gronovio
782 1710 910 1782 tamen
948 1703 1175 1781 contradixit
1210 1703 1415 1792 wormes,

270 1863 363 1940 opus
380 1836 473 1915 illud
492 1839 648 1939 Origeni
661 1837 901 1915 tribuendum
918 1863 1058 1940 negans
1075 1868 1082 1915 :
1100 1839 1160 1915 cui
1177 1837 1417 1916 consentiens

268 1974 457 2052 Desertus
487 1973 581 2051 illud
609 1975 649 2050 in
677 1975 931 2078 Appendicem
959 1975 1132 2052 editionis
1155 1973 1416 2052 Benedictinae

267 2133 421 2210 operum
440 2109 615 2224 Origenis
633 2109 773 2211 rejecit.

316 2283 353 2365 3.
380 2302 433 2365 11.
461 2285 623 2363 Retento
641 2287 767 2362 tomen
780 2284 931 2362 nomine
948 2285 1138 2386 Origenis,
1158 2291 1279 2364 totum
1296 2313 1409 2390 opus,

263 2418 402 2499 librum
420 2417 584 2520 primum
601 2417 743 2494 scilicet
755 2442 801 2493 ex
818 2417 979 2496 editione
992 2419 1248 2510 Benedictus,
1263 2425 1410 2524 septem

264 2554 415 2630 ultimos
438 2577 526 2630 vero
548 2577 568 2628 e
591 2551 716 2629 codice
740 2552 929 2643 Parisino,
955 2553 994 2630 in
1015 2551 1138 2630 lucem
1163 2554 1287 2632 emisit
1307 2555 1410 2632 Mn-

263 2711 352 2776 nnn,
373 2687 443 2763 hoc
460 2687 682 2789 inscriptum
699 2686 809 2763 titulo
832 2716 838 2762 :
862 2689 1040 2785 Oriqeuis
1055 2691 1407 2787 Philosophumeuu

261 2821 339 2896 sice
356 2823 534 2898 omnium
558 2823 764 2899 troeresium
782 2824 992 2917 Refutatio.
1012 2828 1051 2898 Ε
1068 2826 1199 2903 Codice
1217 2827 1406 2902 Parisino

152 3063 153 3066 Ν
261 2979 369 3031 uuuc
389 2957 568 3052 primum
597 2958 715 3032 edidit
744 2961 979 3034 Emmanuel
1008 2958 1180 3036 annn.
1212 2961 1355 3036 Ouauii
1381 2987 1405 3034 e

261 3097 510 3188 typoqrapheo
526 3092 763 3168 Academico.
789 3096 893 3168 1851.
909 3097 945 3168 8.
963 3137 1010 3148 -
1023 3090 1145 3169 Paulo
1163 3095 1247 3195 post
1263 3116 1404 3168 navam

259 3225 381 3326 operis
405 3225 604 3302 editionem
631 3250 717 3302 cum
740 3224 860 3302 latina
883 3225 1056 3302 versione
1079 3226 1279 3303 adornavit
1299 3225 1399 3302 Lud.

259 3359 465 3448 Doriones,
498 3384 611 3462 quem
640 3364 784 3437 mutato
815 3359 980 3436 auctoris
1014 3360 1164 3437 nomine
1194 3357 1401 3436 secundum

258 3492 480 3569 sententiam
492 3495 574 3594 jam
591 3494 638 3571 ab
662 3493 819 3572 eruditis
845 3493 1043 3572 Germanis
1062 3499 1249 3596 receptam
1267 3493 1401 3570 inscri—
1528 3478 1534 3484 ¹

256 3627 362 3729 psit:
387 3633 424 3705 S.
451 3630 649 3725 Hippotae·
675 3630 840 3726 episcopi
863 3641 899 3705 et
927 3630 1113 3724 martyris
1137 3629 1403 3723 Refutatiorzis

255 3762 432 3838 omnium
460 3763 668 3840 haeresium
694 3765 880 3840 librorum
905 3767 1032 3840 decem
1057 3789 1145 3859 quie
1169 3773 1395 3860 simersuut.

254 3899 556 3985 Recemueruut,
573 3898 691 3974 latiae
705 3910 916 3986 uerterunt,
932 3909 1042 3974 uatus
1054 3877 1278 3992 adiecerunt
1290 3902 1395 3977 Lud.

255 4031 449 4109 Dnncnnn
472 4044 507 4108 et
530 4037 576 4109 F.
600 4037 643 4109 G.
672 4033 961 4124 Scnnnrnnwm,
983 4043 1218 4131 professores
1237 4035 1402 4111 Goettiu-

250 4190 395 4264 yeuses.
415 4153 642 4244 Fasciculus
658 4171 691 4245 I.
716 4171 916 4264 Gottiuqoe.
941 4173 1045 4245 1856.
1069 4173 1175 4266 Opus
1196 4169 1399 4245 Schneide-

251 4302 353 4376 wiua
378 4305 559 4394 defuncto
588 4305 742 4380 assatur
770 4307 872 4380 Luci.
902 4307 1085 4379 Duuctter
1112 4313 1149 4378 et
1177 4303 1293 4377 edidit
1323 4327 1397 4383 au.

255 4436 359 4510 1859.
380 4436 416 4507 8.
439 4431 547 4508 Hanc
565 4433 764 4513 editionem
782 4441 930 4515 secutus
948 4440 1005 4514 est
1031 4435 1164 4514 ann
1183 4437 1289 4514 Patr.
1321 4439 1396 4519 Gr.
