3132 5140
235 473 304 518 CAP.
329 475 361 518 ll.
385 473 421 517 ns
441 473 475 518 llS
495 475 558 529 QUAE
581 474 643 519 llGll'
665 473 816 519 csialsrus
837 473 995 522 inaurando
1017 477 1042 522 S.
1066 479 1094 522 Ρ.
1201 466 1260 524 199

28 617 29 622 ¹
96 646 228 724 studio
248 647 351 722 tueri
379 646 564 748 inprimis
589 671 691 723 curae
714 670 795 723 esse
812 646 957 738 debuit;
980 673 1053 724 non
1082 649 1257 752 intelligi·

95 790 174 870 tur,
206 784 383 886 inquam,
403 809 477 885 qua
494 785 639 861 ratione
657 807 791 886 passus
808 788 906 860 esset
928 790 970 862 ut
997 785 1067 861 sibi
1092 787 1255 887 praetioe·

95 923 205 994 retur
242 917 306 992 vir
337 915 400 994 ille
429 917 492 1020 qui
522 921 629 994 tanta
660 915 817 993 infamia
846 942 892 992 ex
922 918 1145 1020 praecedenti
1176 920 1255 998 vita

93 1056 262 1128 onustus
285 1050 512 1154 depingitur.
539 1054 669 1154 Neque
695 1052 865 1128 animab
890 1051 967 1128 ullo
998 1056 1131 1130 contra
1156 1053 1254 1132 hanc

91 1191 171 1261 tam
202 1185 444 1288 splendidam
471 1185 620 1265 Callisti
646 1186 875 1263 evectionem
901 1185 1147 1263 reclamatum
1172 1211 1281 1264 esse·

92 1321 335 1422 Hippolytus
366 1327 575 1399 memorat:
603 1322 700 1423 quod
728 1322 857 1423 utique
887 1347 960 1398 non
990 1322 1189 1410 omisisset,
1219 1323 1250 1400 si

89 1457 244 1558 aliquid
265 1457 481 1560 hujusmodi
506 1459 688 1560 potuisset
706 1458 794 1559 jure
816 1481 993 1533 asserere.
1016 1502 1061 1512 -
1081 1457 1250 1558 Denique

140 1601 183 1670 3⁰
220 1593 424 1673 Callistum
458 1595 631 1671 omnibus
661 1597 855 1696 acceptum
886 1593 1001 1669 fuisse
1035 1597 1071 1670 et
1100 1593 1139 1669 in
1168 1594 1248 1700 ipso
1348 1591 1385 1660 st

90 1755 256 1806 munere
291 1755 364 1831 quo
395 1732 463 1807 sub
492 1730 704 1834 Zephyrino
735 1731 884 1808 functus
915 1735 971 1808 est
999 1730 1180 1833 praeclare
1209 1755 1248 1807 se

89 1864 275 1963 gessisse,
305 1869 465 1941 testatur
489 1867 569 1967 ejus
592 1866 723 1942 electio
745 1867 785 1941 in
803 1866 1001 1943 Summum
1025 1864 1246 1941 Pontificem

87 2003 177 2097 post
205 1998 351 2075 obitum
375 2000 591 2102 Zephyrini,
611 2001 781 2078 unanimi
800 2027 982 2077 consensu
1009 1999 1099 2076 oleri
1122 2002 1159 2076 et
1182 2023 1244 2100 po·

88 2132 187 2232 puli.
214 2133 409 2221 Unanimi,
431 2135 584 2236 inquam
606 2167 612 2211 ι
635 2160 722 2212 nam
740 2161 885 2222 rursus
906 2135 938 2210 si
961 2133 1142 2210 adfuisset
1158 2157 1243 2209 con-

87 2267 272 2342 tradictio
291 2269 463 2368 quaedam
481 2269 641 2373 alicujus
668 2271 860 2358 momenti,
881 2271 919 2346 id
942 2293 1150 2346 memorare
1168 2293 1243 2345 non

86 2403 302 2481 omississet
324 2405 567 2508 Hippolytus,
593 2409 657 2509 qui
689 2410 757 2487 toti
785 2409 839 2485 rei
866 2412 964 2485 certe
990 2407 1161 2484 interfuit
1187 2409 1237 2504 (1).

136 2579 177 2662 2.
207 2584 476 2661 decusationes
502 2590 628 2662 autem
654 2589 701 2664 ab
730 2585 937 2688 Hippolyto
967 2588 1099 2661 contra
1125 2582 1238 2661 Calli-

86 2721 192 2793 stum
223 2718 380 2820 prolatae
400 2719 501 2796 cirea
527 2720 623 2796 hano
649 2723 794 2822 partem
819 2720 933 2821 hujus
959 2718 1061 2804 vitae,
1093 2715 1140 2792 ad
1168 2715 1236 2792 has

85 2851 323 2928 reducuntur
344 2884 351 2928 :

135 3019 170 3081 1.
189 2999 312 3088 Quod,
333 3000 489 3077 malitiae
506 3002 664 3078 callidus
683 3005 880 3077 comesset
897 2996 1233 3076 etvaferadsedu·

84 3137 248 3214 cendum
274 3139 387 3237 atque
412 3138 575 3240 episcopi
606 3137 824 3215 cathedram
847 3139 1063 3222 venaretur,
1091 3131 1233 3233 Zephy·
1288 3198 1292 3208 .

84 3271 162 3346 rini
190 3271 359 3347 favorem
385 3270 589 3348 obtinuerit
611 3273 650 3348 in
672 3273 845 3349 omnibus
869 3270 941 3372 ipsi
964 3265 1163 3346 adulando.
1184 3310 1231 3319 —

86 3405 319 3506 Hujusmodi
343 3410 470 3483 autem
494 3406 679 3506 generalis
703 3405 893 3484 accusatio
924 3403 1014 3481 satis
1041 3399 1231 3479 ordinario

117 3669 148 3732 tr)
166 3667 226 3716 lmo
243 3669 270 3718 et
288 3667 355 3718 satis
371 3667 473 3718 diserto
486 3668 558 3718 burm
576 3681 641 3719 uns·
675 3669 783 3718 mentua
795 3666 831 3716 sit
844 3679 898 3728 quo
913 3677 993 3715 suum
1009 3661 1130 3713 schisma
1146 3672 1228 3710 axori-

84 3759 188 3808 nimem
218 3759 336 3809 savorem
369 3760 396 3809 st
424 3759 640 3810 benevolentiam
673 3759 797 3818 saintet
811 3751 1131 3819 vehementiaejusodii,
1146 3751 1228 3810 unde,

82 3861 152 3912 erga
174 3847 318 3898 Callistum
343 3848 446 3899 indicat
474 3849 641 3915 Hippolytus
674 3852 775 3903 nedum
787 3848 893 3902 Callisti
908 3848 1006 3898 merita
1021 3844 1172 3896 ullomodo
1190 3844 1228 3894 sa·

84 3939 150 3988 dum
170 3937 234 3987 ait:
255 3959 267 3980 a
290 3951 384 3989 omncs
404 3939 462 4001 ejus
479 3939 636 3991 dissimula·
671 3941 771 4001 teatur,
801 3951 888 4002 noque
910 3941 1004 4002 aperte
1026 3934 1093 3984 dicit
1115 3946 1176 3982 eum
1199 3932 1228 3982 in

82 4027 152 4076 tioni
170 4026 368 4088 assentiebant,
382 4041 431 4079 nos
446 4031 538 4081 sutem
556 4045 612 4081 non
625 4054 638 4076 u
673 4031 815 4082 Summum
835 4029 997 4082 Pontificem
1019 4024 1138 4078 electum
1157 4035 1226 4084 asse,

83 4115 200 4178 (Philas.
219 4115 268 4167 IX.
284 4117 312 4168 ll
333 4119 403 4168 extr.
427 4119 551 4183 Append.
572 4134 635 4186 pag.
670 4123 718 4172 sed
731 4120 865 4172 invidiosa
877 4119 995 4182 quadam
1012 4111 1176 4180 paraphrasi
1192 4112 1227 4162 ad

81 4209 119 4266 lo
130 4215 223 4276 exta).
237 4241 270 4249 —
285 4213 319 4264 lit
333 4214 379 4264 hic
394 4215 476 4266 etiam
488 4217 577 4268 obiter
589 4218 636 4268 ad·
670 4219 698 4268 id
714 4217 927 4284 significandum
942 4214 1029 4264 utitur
1047 4217 1053 4270 t
1069 4233 1081 4254 u
1099 4211 1163 4274 post
1177 4209 1226 4260 Ze-

81 4305 257 4369 rertipotast
273 4307 301 4354 et
321 4304 465 4356 sinceritas
483 4306 634 4372 Hippolyti,
667 4309 777 4374 phyrini
804 4308 909 4358 obitum
932 4302 1081 4355 arbitratus
1109 4312 1139 4350 sa
1166 4312 1227 4350 esso

81 4394 209 4454 ‹pnumds
220 4393 355 4444 electione
365 4393 469 4446 Callisti
478 4409 563 4460 agens
574 4396 634 4446 nul·
667 4399 778 4450 nactum
794 4398 867 4460 quod
890 4393 1050 4448 venabatur.
1072 4411 1084 4432 ν
1100 4387 1225 4452 append.

80 4489 135 4540 lum
150 4491 250 4541 sactum
265 4487 306 4538 r··l
319 4489 554 4543 circumstantiam
562 4507 633 4546 com·
667 4508 729 4560 pag.
740 4487 778 4546 48
789 4494 879 4558 med).
