3170 5134
320 446 376 490 cae.
399 446 418 490 ι.
440 446 496 502 oro
516 445 644 490 rarione
666 445 779 490 rrrreos,
802 445 972 492 coascmrm
994 447 1065 492 sor.
1204 435 1256 493 101

149 623 207 722 l⁰
228 613 333 701 Quod
355 615 485 689 auctor
505 611 582 688 dux
606 611 680 688 fuit
697 611 949 689 schismaticae
967 613 1141 690 factionis
1154 641 1257 717 quae,

116 755 158 830 ut
181 751 342 839 videtur,
366 773 483 850 neque
506 746 570 824 diu
594 746 692 824 vixit
718 771 838 848 neque
861 747 936 824 late
958 748 1159 825 admodum
1178 775 1260 852 pro-

114 889 258 987 pagata
278 887 330 960 est
354 883 409 982 (de
430 907 505 984 qua
529 907 568 958 re
593 881 714 957 fusius
741 881 865 979 infra).
895 881 1006 988 Unde
1029 905 1258 984 consequens

114 1024 200 1111 luit,
227 1025 269 1097 ut
287 1019 410 1096 eadem
437 1018 551 1118 hujus
572 1017 703 1118 scripti
726 1040 807 1093 sors
832 1018 946 1096 fuerit
969 1043 1053 1120 qnae
1077 1019 1258 1097 similium

115 1156 425 1235 heterodoxorum
455 1151 604 1254 scriptis
635 1151 780 1252 obtigit.
820 1153 967 1230 Horum
1003 1155 1139 1259 quippe
1169 1183 1257 1260 pars

112 1291 278 1370 maxima
303 1291 382 1392 jam
412 1287 556 1390 pridem
587 1286 793 1374 intercidit;
823 1287 1035 1388 fragrrrenta
1061 1290 1257 1368 dumtaxat

112 1429 242 1531 aliqua
258 1426 295 1502 in
312 1425 485 1526 operibus
503 1424 664 1499 Patrum
683 1426 833 1499 servata
850 1429 949 1501 sunt.

155 1597 196 1666 2⁰
222 1587 328 1675 Quod
358 1611 451 1687 opus
478 1609 599 1685 graece
621 1584 803 1687 scriptum
830 1585 902 1662 fuit
924 1613 989 1689 per
1011 1615 1093 1666 eam
1118 1597 1255 1694 tempe

109 1729 244 1802 statem
267 1748 340 1825 qua
361 1721 490 1798 latinae
513 1697 647 1798 litterae
666 1721 764 1798 inter
782 1721 1018 1803 Christianos
1038 1727 1253 1808 Occidentis

109 1859 243 1936 multo·
262 1883 373 1959 quam
413 1881 547 1957 graecae
586 1856 855 1958 frequentiores
896 1885 975 1936 esse
1010 1861 1249 1964 incipiebant.

110 1996 234 2083 Quare
258 2020 332 2072 non
354 1993 472 2070 multo
494 1997 578 2094 post
602 1993 722 2069 minui
746 1993 860 2095 coepit
882 2019 926 2070 ac
948 1995 1104 2074 deficere
1122 1998 1253 2078 latino-

108 2156 189 2208 rum
211 2154 391 2206 numerus
413 2128 477 2230 qui
500 2153 593 2230 opus
617 2127 710 2204 illud
736 2127 945 2230 intelligere
969 2141 1129 2233 possent.
1153 2139 1251 2214 Nam

107 2268 150 2343 ad
180 2268 376 2346 Orientem
402 2265 498 2367 quod
526 2265 672 2354 attinet,
705 2291 779 2342 non
809 2267 900 2343 satis
924 2293 1047 2367 graece
1070 2272 1251 2375 scriptum

20 2463 21 2468 ,
107 2412 182 2480 erat
199 2407 243 2482 ut
261 2401 406 2480 Graecis
425 2400 648 2478 Latinorum
666 2401 981 2503 contemptoribus
999 2403 1174 2507 placeret.
1262 2429 1264 2436 ’

149 2569 188 2641 3⁰
214 2564 289 2641 His
313 2562 455 2642 accedit
479 2563 631 2665 propria
657 2563 779 2664 operis
806 2564 902 2640 ratio
920 2591 1004 2666 quae
1022 2593 1088 2670 per
1112 2595 1151 2646 se
1168 2572 1250 2674 ipsa

105 2695 285 2776 lectorum
316 2723 361 2776 ao
390 2696 630 2774 laudatorum
665 2721 863 2774 numerum
888 2724 960 2775 non
991 2701 1044 2778 ita
1069 2727 1249 2806 magnum

105 2831 253 2910 ferebat.
291 2833 372 2910 Hos
406 2833 506 2909 enim
540 2830 600 2909 vel
634 2832 674 2909 in
707 2833 894 2912 catholica
923 2837 1079 2916 ecclesia
1114 2841 1174 2918 vel
1209 2844 1248 2920 in

105 2963 338 3045 heterodoxis
366 2969 524 3046 coetibus
548 2969 794 3070 quaesivisset.
821 2973 937 3074 Atqui
961 2977 1165 3056 catholicos
1188 3006 1247 3056 ca·

105 3097 309 3181 lumniatur
330 3107 444 3205 atque
468 3103 654 3180 haereticis
676 3111 859 3196 accenset,
886 3108 1133 3191 heterodoxos
1156 3141 1245 3193 vero
1341 3123 1344 3128 ’

104 3241 248 3315 cunctos
272 3238 480 3314 insectatur
497 3263 541 3315 ac
558 3239 725 3316 damnat.
748 3241 870 3340 Igitur
888 3269 1026 3345 paucos
1043 3248 1245 3328 admodum

102 3363 250 3449 lectores
273 3399 320 3451 ao
337 3371 553 3451 laudatores
575 3374 656 3451 haec
672 3375 884 3456 lucubratio
903 3379 1077 3460 habuerit
1096 3409 1244 3463 necesse

102 3507 150 3578 est
169 3533 176 3580 ε
197 3509 298 3585 unde
316 3533 392 3585 non
409 3507 474 3585 diu
488 3508 570 3587 luce
588 3511 738 3613 publica
756 3513 831 3590 frui
850 3516 982 3616 potuit.
