3132 5140
338 428 397 488 Μ
563 437 633 485 niss.
656 437 686 483 v.
708 439 746 484 nr
767 405 908 484 consor.
932 435 1011 484 unci
1034 435 1117 483 sier.
1140 437 1250 484 naam.

338 599 419 672 tum
435 617 525 670 vero
542 617 589 668 ex
600 592 725 669 verbis
739 590 922 694 Cypriani
941 591 981 666 in
995 589 1164 669 Concilio
1178 589 1396 698 carthagin.
1415 589 1470 666 Ill

338 728 562 832 respondet:
582 760 621 808 a.
644 727 738 803 Haeo
758 726 875 803 verba
898 725 1088 804 intellecta
1104 726 1144 801 in
1162 747 1275 802 sensu
1291 724 1395 802 obvio
1409 749 1469 826 op

337 867 429 943 time
446 864 577 942 referri
596 861 768 966 possead
788 866 990 964 praesentes
1009 861 1201 964 episcopos
1221 885 1379 962 quorum
1394 859 1469 936 nul-

336 999 396 1076 lus
413 1025 453 1077 se
469 997 570 1075 dicat
587 997 803 1100 episcopum
820 997 1079 1099 episcoporum
1103 1021 1170 1073 nec
1195 995 1291 1073 alios
1308 995 1469 1074 terrendo

336 1137 492 1212 conetur
519 1133 559 1208 in
587 1155 675 1208 suas
700 1135 826 1233 partes
851 1131 1068 1232 pertrahere
1091 1133 1142 1230 (1).
1177 1131 1250 1208 Sed
1274 1145 1308 1210 o.
1332 1130 1468 1208 etiamsi

337 1269 596 1368 supponantur
622 1267 790 1367 spectare
814 1263 1061 1364 Stephanum,
1092 1263 1139 1340 iis
1164 1288 1239 1340 non
1271 1287 1470 1341 excommu-

337 1400 561 1478 nicationem
579 1401 667 1476 actu
683 1397 814 1486 latam,
834 1397 899 1474 sed
917 1396 1080 1475 ferendae
1097 1393 1219 1474 minas
1236 1398 1399 1500 sugillat.

288 1640 290 1648 Α
387 1575 519 1659 4.111.
544 1573 708 1654 Omnino
731 1577 857 1650 autem
885 1573 1182 1650 concludendum
1202 1575 1353 1653 videtur
1380 1575 1469 1653 sicut

335 1711 374 1788 in
396 1709 511 1788 simili
528 1708 733 1811 quaestione
754 1707 877 1811 quoad
896 1709 1192 1787 controversiam
1210 1711 1373 1790 Victoris
1389 1735 1466 1788 cum

333 1847 484 1927 Asianis
502 1849 553 1947 (a).
571 1847 633 1924 Sic
646 1846 746 1922 enim
763 1846 902 1948 optime
914 1832 1151 1950 eaplicantur
1162 1850 1376 1928 testimonia
1391 1874 1466 1953 quac

334 2011 358 2064 a
387 1983 597 2062 fautoribus
623 1983 817 2060 sententiae
841 1982 1066 2062 affirmantis
1091 1990 1287 2086 urgentur.
1315 1989 1392 2066 Neo
1409 1985 1464 2064 ob-

333 2123 435 2196 stant
463 2121 686 2220 argumenta
715 2117 909 2194 sententiae
942 2118 1128 2220 negantis.
1166 2120 1267 2197 Nam
1296 2119 1391 2223 quod
1422 2118 1464 2196 ad

331 2252 545 2332 testimonia
561 2251 725 2354 positiva
739 2249 944 2352 Augustini
965 2253 1113 2344 attinet,
1134 2253 1320 2358 imprimis
1343 2255 1463 2333 adver-
1552 2349 1553 2356 Ν

331 2389 486 2468 tendum
511 2391 658 2464 estnon
676 2385 753 2462 alia
770 2387 844 2488 ipsi
866 2386 1089 2466 documenta
1105 2389 1206 2467 circa
1227 2415 1311 2468 eam
1330 2395 1464 2468 contre
1552 2357 1553 2372 A

331 2526 494 2604 versiam
516 2547 596 2626 prae
617 2522 790 2599 manibus
816 2521 932 2599 luisse
955 2546 1070 2624 quam
1095 2524 1272 2626 epistolas
1291 2522 1463 2629 Cypriani

331 2664 368 2737 et
384 2657 586 2736 sententias
610 2657 657 2733 ab
679 2656 862 2758 episcopis
879 2655 1046 2759 prolatas
1064 2657 1103 2732 in
1123 2656 1291 2736 Concilio
1312 2659 1461 2738 Cartha-

330 2791 476 2895 ginensi
501 2790 574 2879 ΙΙΙ,
602 2793 644 2866 ut
669 2787 779 2867 facile
801 2793 949 2867 constat
971 2791 1053 2892 ejus
1073 2791 1213 2895 scripta
1234 2793 1460 2896 perlegenti:

330 2927 428 3004 unde
456 2925 496 3001 in
525 2925 596 3002 hac
622 2949 662 3001 re
691 2925 774 3026 ejus
791 2925 996 3002 auctoritas
1022 2931 1179 3004 nonest
1208 2930 1332 3031 major
1361 2951 1463 3032 quam

329 3037 522 3164 scriptoris
556 3058 785 3136 recentioris.
823 3059 1016 3137 Praeterea
1054 3061 1268 3162 Augustino
1310 3065 1463 3141 schisma

330 3198 633 3276 Donastistarum
650 3196 886 3306 impugnanti
904 3195 999 3274 illud
1017 3198 1181 3274 maxime
1197 3198 1302 3276 cordi
1320 3203 1412 3289 erat,
1426 3201 1463 3274 ut

326 3332 382 3410 ais
398 3333 664 3434 argumentum
685 3329 846 3433 eriperet
862 3330 961 3432 quod
978 3355 1025 3408 ex
1044 3331 1240 3434 Cypriani,
1262 3333 1338 3411 viri
1356 3335 1463 3412 tantae
1551 3377 1552 3414 l

357 3621 387 3683 (1)
396 3617 487 3669 Verba
498 3613 628 3681 cypriani
637 3613 878 3679 etiamadepisco-
913 3637 925 3658 n
939 3615 1023 3667 tionis
1047 3617 1147 3668 ardore
1167 3615 1272 3680 aliquid
1292 3615 1405 3669 humani
1423 3615 1461 3668 hic

324 3723 375 3775 pos
391 3707 478 3772 quiin
498 3705 616 3758 concillo
632 3705 748 3756 aderant
762 3705 876 3756 restriu-
911 3727 924 3747 n
937 3717 1049 3770 passum
1058 3719 1128 3758 asse.
1138 3726 1150 3749 π
1160 3703 1220 3756 Hoc
1230 3707 1370 3770 posterius
1379 3707 1461 3758 autem

323 3798 366 3865 git
376 3797 536 3849 Sursnnnus
547 3795 617 3858 (elus
629 3795 793 3860 argumenta
804 3795 872 3846 relo—
906 3795 998 3860 potins
1011 3796 1157 3848 dicandum
1173 3796 1270 3846 suadet
1285 3795 1370 3848 nimia
1386 3809 1460 3860 exag-

322 3887 422 3938 runtnr
444 3885 476 3936 P.
496 3883 528 3935 L.
549 3883 569 3935 t.
592 3883 642 3934 111.
663 3897 690 3948 p.
712 3885 793 3939 1077).
818 3883 882 3946 Qui,
904 3885 1012 3950 gei-atio
1025 3898 1085 3949 quae
1096 3897 1176 3936 secus
1188 3885 1218 3936 in
1234 3885 1327 3938 verbis
1339 3881 1460 3951 Cypriani

321 3979 415 4029 tamen
429 3989 488 4028 rem
498 3987 555 4026 non
569 3974 609 4026 ita
623 3975 768 4040 probatam
779 3974 873 4026 existi·
906 3977 1061 4040 appareret.

320 4080 397 4119 mare
414 4065 522 4118 videtur
542 4083 549 4115 ι
570 4078 634 4116 nam
654 4063 870 4129 disputationem
934 4067 964 4132 (at
981 4067 1072 4131 Supra
1091 4067 1166 4118 Diss.
1180 4065 1217 4118 11.
1242 4067 1308 4133 Cap.
1323 4068 1373 4119 111.
1386 4068 1419 4119 N.
1435 4065 1459 4116 12

319 4167 397 4206 snam
412 4153 452 4205 sic
463 4152 622 4204 concludit:
637 4173 650 4196 a
662 4153 766 4234 liegari
781 4154 868 4220 igitur
900 4169 959 4219 sqq.
975 4159 1049 4222 (pag.
1062 4155 1096 4207 67
1109 4157 1191 4220 εᾳει.);
1205 4185 1238 4194 -
1247 4157 1309 4210 Nisi
1326 4157 1397 4221 qnod
1409 4167 1458 4208 non

320 4258 402 4296 anon
423 4243 526 4309 potest,
555 4243 663 4306 objecta
685 4243 712 4296 S.
739 4243 870 4310 Cypriani
902 4245 942 4296 ita
953 4247 1061 4298 constat
1070 4246 1242 4312 Stephanum
1253 4247 1317 4298 aliis
1327 4246 1458 4312 episcopis

319 4333 428 4385 everha
459 4344 527 4383 sano
560 4344 643 4384 sensu
676 4333 868 4399 restringenda
900 4333 1058 4398 injunxisse
1080 4348 1115 4387 ne
1142 4349 1205 4387 cum
1228 4335 1457 4402 rebaptizantibus
1550 4355 1551 4406 p

318 4449 331 4472 n
344 4423 868 4490 asse,autdieandumenmexconten·
901 4427 1145 4481 communicarant.
