3154 5134
308 450 366 513 520
607 471 676 518 mss.
700 473 746 518 vn.
772 473 808 518 nn
829 475 1007 524 cunoaornn
1031 479 1078 524 nn.
1103 478 1146 523 rr.

310 612 499 700 Cornelia
515 625 600 702 Non
618 625 767 704 videtur
784 633 910 705 tamen
928 629 1060 707 efficax
1078 631 1125 708 ad
1143 655 1227 708 eam
1244 630 1456 710 conclusio-

284 781 394 850 ³nem
423 757 656 838 confirmatio
686 761 832 840 desumi
866 790 975 866 posse
1009 791 1056 842 ex
1085 765 1252 869 epistolis
1287 769 1458 868 tempore

309 893 516 971 vacationis
534 895 659 974 Roma
678 897 948 1000 Carthaginem
965 905 1002 978 et
1019 901 1106 979 inde
1124 902 1289 981 Romam
1313 900 1455 986 missis,

310 1051 393 1128 quae
411 1027 597 1106 habentur
615 1032 712 1108 inter
730 1031 990 1134 Cyprianicas.
1013 1012 1112 1114 N'am
1130 1063 1215 1140 quee
1232 1038 1277 1114 de
1296 1034 1458 1136 negotiis

309 1163 569 1244 ecclesiasticis
603 1168 762 1270 publicis
797 1172 985 1275 praecipue
1018 1179 1138 1276 agunt
1171 1177 1227 1273 (1),
1265 1171 1459 1274 inscriptae
1560 1142 1568 1159 ⁸

310 1303 430 1374 sunta
452 1302 669 1404 Presbyteri
692 1309 728 1381 et
752 1305 926 1384 diacones
950 1308 1085 1386 Remea
1103 1309 1358 1394 consistentes,
1383 1343 1400 1372 a
1422 1309 1459 1381 et

314 1435 588 1538 “Presbyteris
620 1443 657 1514 et
687 1440 906 1519 diaconibus
941 1443 1075 1522 Romae
1106 1442 1407 1527 consistentibus
1438 1475 1454 1501 ,-

311 1567 415 1644 nullo
446 1572 669 1650 nominatim
698 1575 875 1653 indicato.
906 1577 1001 1666 Quae
1027 1583 1153 1656 autem
1183 1574 1403 1653 nominatim
1435 1597 1459 1650 a

312 1704 503 1807 Cypriane
521 1709 713 1814 inscriptae
730 1717 819 1789 sunt
836 1750 851 1778 α
873 1715 998 1817 Moysi
1016 1721 1053 1794 et
1070 1714 1255 1802 Maximo,
1269 1717 1306 1788 et
1321 1709 1458 1786 ceteris

311 1839 586 1920 confessoribus
612 1847 649 1943 (a)
674 1881 690 1911 a
718 1851 755 1923 et
776 1873 820 1924 ea
842 1873 955 1950 quam
977 1849 1025 1926 ad
1048 1849 1156 1925 illum
1185 1845 1458 1946 rescripserunt

315 1973 503 2076 “Moyses
528 1982 565 2053 et
598 1978 791 2056 Maximus
822 1982 1044 2084 presbyteri,
1077 1987 1114 2060 et
1148 1982 1383 2059 Nicostratus
1417 1981 1459 2054 et

312 2107 478 2188 Rufinus
496 2111 657 2204 diaconi,
677 2120 714 2191 et
731 2117 845 2194 ceteri
863 2119 1093 2196 confessores
1108 2123 1165 2216 (3),
1189 2153 1205 2183 e
1225 2114 1286 2192 vel
1302 2111 1456 2191 omnino

311 2269 386 2321 non
403 2245 463 2321 vel
482 2247 630 2324 nonnisi
648 2249 767 2325 obiter
784 2275 829 2327 ea
846 2252 996 2353 negotia
1013 2253 1205 2352 attingunt
1223 2252 1274 2348 (1).

358 2417 396 2503 5.
426 2423 670 2503 Vacationem
700 2427 797 2504 sedis
828 2428 1062 2507 Pontificalis
1092 2428 1196 2506 ultra
1221 2447 1358 2504 annum
1385 2421 1458 2498 du-

313 2581 415 2635 rasse
432 2559 624 2662 colligitur
641 2589 687 2638 ex
705 2588 747 2640 eo
766 2563 864 2664 quod
882 2563 1033 2666 Moyses
1048 2567 1084 2641 et
1097 2562 1291 2678 Maximus
1304 2557 1460 2662 presby·
1575 2543 1576 2546 Ὺ

311 2695 388 2796 1001]
402 2709 492 2792 post
508 2699 731 2793 passionem
754 2697 913 2774 Fabiani
938 2695 1195 2800 comprehensi
1218 2694 1394 2794 leguntur
1416 2689 1462 2765 in

312 2829 493 2931 Catalogo
512 2835 651 2920 nostro,
673 2831 888 2933 Cyprianus
905 2836 1031 2908 autem
1049 2832 1089 2908 in
1102 2830 1220 2933 priori
1238 2823 1395 2931 epistola
1409 2825 1459 2901 ad

311 2993 373 3046 eos
398 2968 514 3046 missa
539 2969 673 3071 (Epist.
707 2973 761 3068 15)
791 2974 959 3071 tempore
982 2973 1082 3047 certe
1105 2995 1179 3071 quo
1204 2967 1308 3044 sedes
1332 2961 1464 3040 adhuc
1574 3013 1575 3040 r

310 3103 483 3192 vacabat,
511 3128 572 3180 eos
597 3105 679 3205 jam
704 3128 846 3181 annum
872 3103 1043 3203 (circiter)
1069 3104 1108 3180 in
1135 3125 1287 3180 carcere
1314 3102 1464 3175 transe

310 3241 409 3344 gisse
434 3239 488 3318 ait
517 3245 567 3342 (5).
595 3242 704 3320 Anno
731 3243 857 3345 itaque
881 3247 949 3320 251
983 3240 1161 3319 Pontifex
1179 3237 1370 3316 ordinatus
1400 3236 1463 3309 est

343 3503 375 3570 h)
387 3503 468 3568 Cypr.
482 3501 569 3568 Epist.
583 3503 608 3562 3,
623 3504 662 3565 11,
672 3503 713 3566 22,
726 3504 767 3566 29,
780 3503 821 3564 30,
832 3505 862 3554 31
897 3503 952 3554 lam
969 3503 1006 3574 ad
1028 3503 1201 3553 consessores
1222 3495 1462 3560 Carthaginenses

310 3594 354 3660 (P.
374 3593 405 3645 L.
425 3593 445 3642 t.
459 3589 504 3642 IV.
521 3605 567 3656 pp.
584 3592 642 3654 228,
658 3591 716 3654 262,
735 3593 792 3652 282,
810 3593 867 3654 302,
903 3593 1025 3642 missam.
1049 3591 1115 3641 Haec
1127 3591 1219 3640 tamen
1239 3586 1319 3638 facile
1337 3582 1463 3646 intelligi

309 3685 446 3749 3⁰323⁰7b
896 3685 1012 3747 possunt
1039 3683 1072 3732 de
1099 3679 1219 3745 epistola
1245 3677 1323 3742 quasi
1349 3673 1463 3738 privata

310 3805 313 3811 ·
343 3777 372 3840 (a)
385 3775 471 3840 Epist.
486 3776 525 3836 15,
538 3774 570 3823 25
581 3771 659 3835 (ibid.
674 3785 718 3837 pp.
729 3773 786 3836 261,
796 3773 863 3832 288).
899 3787 982 3835 quam
994 3772 1029 3822 ad
1047 3771 1097 3821 hos
1110 3769 1274 3834 scripserint
1285 3766 1461 3818 consessores

345 3869 374 3930 (3)
387 3865 468 3930 Cypr·
482 3863 569 3928 Epist·
588 3863 620 3914 2ss
635 3861 714 3922 (ibid.
729 3877 755 3927 p.
769 3863 834 3926 290).
903 3863 1022 3914 Romani
1034 3861 1071 3926 (et
1089 3859 1200 3923 quidem
1218 3873 1273 3910 non
1285 3856 1335 3908 soli
1345 3853 1462 3918 Moyses

342 3955 372 4019 (1)
389 3953 551 4005 Laudentur
571 3951 681 4014 quidem
701 3952 866 4016 aCypriano
900 3953 927 4002 et
944 3951 1090 4015 Maximus)
1107 3951 1138 4000 ut
1149 3948 1375 4012 Carthaginenses
1387 3955 1461 3993 con-

311 4047 409 4111 (Epist.
423 4047 464 4106 25)
476 4043 586 4108 Moyses
603 4049 630 4094 et
643 4043 779 4093 Maximus
792 4044 818 4093 et
830 4057 867 4092 cc·
902 4044 1020 4093 sessores
1039 4055 1056 4092 a
1071 4039 1158 4090 nimia
1173 4051 1241 4104 erga
1256 4037 1347 4100 lapsos
1364 4031 1462 4081 indul-

311 4138 363 4186 terr'
371 4135 536 4194 confessores
548 4132 620 4194 quod
630 4131 664 4181 ad
677 4129 794 4196 gloriam
804 4145 866 4181 con·
900 4131 994 4196 gentis
1005 4129 1185 4182 deterrerent.

310 4224 438 4276 sessionis
458 4221 634 4286 adjunxerint
653 4219 868 4270 sollicitudinem
933 4219 962 4283 (5)
975 4219 1007 4270 ln
1018 4218 1150 4284 Catalogo
1162 4216 1308 4269 Liberiano
1320 4212 1397 4264 etiam
1414 4209 1462 4260 di-

310 4314 385 4366 circa
396 4313 519 4377 vigorem
531 4309 683 4374 disciplinae
695 4309 795 4373 (quoad
807 4308 866 4374 lap·
900 4310 971 4361 citur
984 4311 1094 4376 Moyses
1110 4311 1172 4374 post
1188 4321 1289 4360 annum
1305 4301 1413 4356 circiter
1427 4301 1463 4349 in

310 4419 356 4456 soe
368 4404 473 4468 utique)
485 4403 657 4464 servandum,
669 4415 750 4465 quam
764 4399 865 4452 sollici·
901 4415 1011 4453 carcere
1030 4401 1141 4462 obiisse,
1154 4402 1217 4453 ante
1234 4397 1402 4454 electionem,
1428 4393 1464 4440 ut

310 4496 433 4546 tudinem
450 4495 565 4546 testatos
581 4505 628 4543 eos
644 4492 684 4543 eit
699 4505 750 4556 per
765 4490 867 4555 epieto·
900 4491 1017 4556 videtur,
1030 4489 1158 4544 Cornelii.
