3154 5134
491 475 555 523 cir.
578 478 597 522 l.
622 477 669 524 lili.
693 478 737 525 ΡΡ.
761 477 819 525 SEC·
846 477 866 522 l.

497 700 785 760 annotinus
809 701 856 758 11.

90 933 135 982 DE
156 935 293 984 ORDINE
316 937 536 989 SUGCESSIONIS
555 941 662 990 TRIUM
683 941 859 988 PRIHORUH
878 939 961 987 Posr
980 939 1118 988 PETRUH
1133 939 1185 988 RR.
1202 941 1253 988 ΡΡ.

146 1167 190 1253 b.
211 1170 360 1248 Omnes
378 1193 470 1270 quos
488 1169 669 1246 habemus
688 1167 850 1269 catalogi
863 1172 1009 1244 veteres
1027 1166 1167 1243 Linum
1184 1169 1254 1244 im-

92 1308 267 1385 mediate
294 1306 409 1382 Petro
435 1306 658 1383 successisse
687 1305 854 1382 tradunt.
894 1302 1040 1391 Quibus
1065 1301 1255 1410 ,refragari

92 1441 257 1517 videtur
275 1437 545 1528 Tertullianus,
561 1423 652 1515 dum
666 1441 703 1537 (1)
721 1437 760 1514 in
775 1438 952 1517 Romana
965 1435 1123 1512 ecclesie.
1140 1471 1156 1501 a
1174 1434 1255 1514 Ole-

93 1581 268 1654 mentem
290 1600 314 1652 a
337 1576 452 1652 Petro
476 1577 692 1653 ordinatum
719 1611 735 1642 n
757 1575 899 1652 scribit.
919 1573 1074 1650 Accedit
1090 1572 1139 1650 ad
1157 1572 1255 1650 hanc

93 1710 331 1788 sententiam
360 1714 491 1787 auctor
521 1709 689 1812 epistolae
714 1709 942 1812 apocryphae
973 1706 1177 1786 Clementis
1206 1708 1254 1786 ad

91 1844 289 1922 Jacobum
312 1868 384 1920 sec.
407 1845 503 1920 IVa
527 1845 668 1924 Rufino
686 1844 804 1921 latine
826 1843 982 1920 redditae
1005 1845 1055 1940 (2).
1085 1842 1255 1944 Eamque

94 1979 218 2055 luisse
255 1979 550 2057 communiorem
584 1980 809 2058 Latinorum
842 1980 1056 2083 opinionem
1093 1983 1255 2057 testatur

95 2114 363 2215 Hieronymus
385 2144 391 2189 :
417 2150 433 2179 α
455 2113 629 2191 Clemens
647 2114 846 2217 (inquiens)
864 2119 967 2214 (sp...
995 2119 1153 2216 quartus
1171 2119 1254 2216 post

97 2285 112 2313 n
137 2249 306 2326 Petrum
329 2248 464 2327 Romae
481 2250 677 2352 episcopus
699 2280 706 2326 :
728 2250 912 2353 siquidem
929 2249 1115 2326 secundus
1133 2250 1253 2328 Linus

98 2422 114 2450 n
137 2384 230 2474 fuit,
256 2384 393 2462 tertius
416 2385 635 2476 Anacletus‚
661 2385 812 2464 temetsi
836 2385 1004 2490 plerique
1028 2384 1253 2462 Latinorum

99 2557 114 2586 a
138 2519 352 2596 secundum
369 2526 454 2623 post
471 2521 629 2599 Petrum
646 2522 871 2624 Apostolum
889 2523 1022 2625 putent
1039 2519 1154 2596 fuisse
1173 2521 1254 2598 Ole
1351 2544 1354 2550 ’

99 2689 115 2718 n
138 2655 312 2729 mentem
334 2656 387 2751 (4).
413 2691 428 2720 n
451 2655 534 2732 Nisi
554 2657 637 2757 quis
659 2655 765 2745 velit,
790 2681 836 2732 nc
860 2654 1117 2755 Hieronymus
1139 2655 1252 2734 nimis

93 2791 230 2888 aperte
252 2810 399 2864 errasse
422 2789 610 2880 videatur,
634 2792 689 2868 ita
712 2793 759 2869 ab
782 2792 863 2894 ipso
882 2790 1080 2893 plerosque
1097 2791 1251 2870 Latino-

95 2947 183 2998 rum
202 2923 412 3000 secundum
429 2929 515 3026 post
531 2927 691 3004 Petrum
705 2926 937 3005 Clementem
955 2927 1090 3026 putare
1106 2923 1194 3014 dici,
1210 2931 1253 3003 ut

94 3057 127 3132 is
159 3055 402 3157 intelligatur
431 3062 554 3157 (sensu
588 3060 718 3163 utique
751 3061 863 3162 longe
896 3059 1021 3134 minus
1055 3057 1183 3147 obvio,
1220 3060 1251 3136 si

94 3317 159 3368 chio
177 3317 218 3378 (iu
238 3315 346 3368 Consta
364 3316 558 3381 Circa-bist)
580 3319 659 3382 quasi
726 3320 756 3385 (s)
766 3320 797 3371 P.
812 3318 843 3370 G.
857 3319 876 3370 t.
891 3318 912 3369 1.
926 3332 954 3384 p.
966 3318 1023 3368 463.

94 3405 218 3458 mediam
232 3407 305 3457 iuter
317 3407 385 3458 dues
397 3409 544 3459 extremas.
558 3407 658 3472 Opius·
725 3409 755 3472 (e)
778 3406 833 3458 Vir.
851 3405 897 3458 Ill.
915 3421 939 3458 c.
959 3407 988 3456 15
1003 3405 1046 3470 (P.
1061 3403 1092 3455 L.
1112 3405 1131 3455 t.
1145 3405 1251 3458 XXIII.

95 3499 142 3548 tur
161 3497 273 3549 scilicet
296 3497 413 3562 cletum,
435 3497 499 3550 Lini
519 3513 659 3551 successo·
694 3514 720 3564 p.
733 3500 802 3559 631).

97 3599 164 3648 rem,
184 3588 278 3639 Roma
298 3589 452 3652 expulsum,
469 3591 661 3654 pontificatum
728 3591 757 3654 (r)
770 3591 812 3641 Ex
831 3589 884 3641 hoc
901 3588 962 3640 loco
978 3588 1080 3646 autem,
1093 3583 1164 3636 sicut
1181 3587 1254 3637 etex

96 3677 216 3730 cessisse
230 3677 382 3744 Clementi3
400 3681 498 3743 postea
513 3693 589 3744 vero,
602 3680 663 3745 ipso
696 3681 757 3744 ejus
777 3677 925 3738 chronico,
946 3675 1092 3726 manifeste
1114 3671 1256 3738 coIIIgilur

96 3765 241 3818 Clemente
266 3767 379 3819 exulare
399 3770 490 3832 jusso,
515 3781 657 3820 reversum
694 3769 894 3833 Hieronymum
915 3779 970 3822 nou
995 3763 1121 3814 locutum
1142 3762 1252 3812 essedo

97 3869 158 3906 esse
173 3859 203 3908 et
219 3868 318 3906 rursus
337 3857 490 3909 Romanum
506 3857 661 3910 Ecclesiam
694 3857 854 3909 immediato
878 3865 1051 3916 successore,
1076 3850 1123 3900 ubi
1148 3851 1186 3914 (in
1212 3849 1250 3902 Is.

97 3945 350 3996 administrandam
378 3947 547 4011 suscepisse,
576 3949 660 4010 atque
693 3961 717 3998 c.
736 3949 767 3998 52
787 3949 856 3998 extr.
879 3946 911 3997 Ρ.
929 3945 960 3996 L.
980 3945 999 3994 t.
1018 3939 1117 3992 XXIV.
1137 3953 1164 4003 p.
1184 3941 1249 4006 504).

97 4032 227 4098 iudejam
236 4032 406 4097 appellatum
414 4047 475 4086 esse
483 4034 657 4095 Anacletum
692 4035 861 4086 Clementem
879 4035 942 4097 post
962 4030 1077 4081 Petrum
1097 4027 1251 4080 Romanam

98 4121 116 4174 ἰ.
140 4137 165 4176 e.
189 4124 369 4177 Revocatum.
397 4125 562 4190 conjectura
582 4127 657 4192 inge·
691 4127 796 4179 rexisse
810 4123 967 4186 ecclesiam,
980 4119 1167 4182 ottriduersus
1180 4118 1251 4171 Jovi-

98 4211 177 4264 nioss
194 4213 300 4278 utique,
316 4216 365 4266 sed
385 4229 468 4278 quum
485 4215 561 4267 nullo
578 4217 650 4268 testi·
689 4219 765 4266 roien.
784 4229 808 4266 c.
826 4215 865 4265 12.
886 4212 918 4264 P.
932 4211 963 4261 L.
982 4211 1002 4259 ί.
1018 4206 1122 4258 XXIII.
1136 4222 1163 4271 p.
1181 4210 1249 4272 228),

99 4303 190 4354 monto
198 4305 248 4354 eut
256 4306 435 4356 monumento
442 4304 574 4357 historico
584 4317 654 4356 com·
689 4304 817 4356 eumdem
832 4309 1022 4353 successorem
1040 4295 1157 4358 apostoli
1173 4296 1251 4349 Petri

100 4391 243 4452 probetur,
256 4392 324 4442 satis
335 4393 443 4444 debIIIs.
693 4393 801 4444 scribit.
815 4405 819 4414 ·

134 4483 164 4544 (ι)
176 4479 298 4532 Proescr.
312 4495 335 4534 c.
346 4483 378 4535 32
390 4483 432 4548 (P.
441 4483 473 4534 L.
487 4487 506 4536 t.
518 4483 553 4534 11.
567 4497 594 4547 p.
605 4481 658 4550 45).
