3180 5134
214 473 216 476 ·
326 461 366 555 ad
813 473 931 522 urrann.
953 465 992 518 n.

373 649 412 715 7.
437 653 813 725 Ach1srmsrrsrs(clar.
829 657 902 722 post
920 653 997 710 med.
1019 666 1077 709 sec.
1101 649 1163 725 IX)
1184 653 1219 706 in
1242 649 1420 708 chronico
1438 651 1477 706 ad

326 779 377 820 an.
402 764 465 820 220.
487 761 692 834 “Hippolytus
717 759 883 830 episcopus,
905 758 1072 815 multorum
1095 755 1231 814 conditor
1253 757 1473 827 opusculorum,

325 860 493 938 temporum
506 873 647 918 canonem
662 855 838 925 conscripsit
851 856 881 911 et
895 855 1052 925 bucusque
1066 853 1215 925 perduxit.
1233 877 1246 900 n
1262 851 1298 924 (1)

373 997 411 1063 8.
438 1006 571 1060 Paorrus
589 1000 678 1076 (olor.
699 1004 779 1057 ectr.
794 1014 851 1056 sac.
873 999 933 1072 IX)
954 1000 1129 1057 Bibliotb.
1157 999 1226 1057 Ood.
1252 1001 1312 1058 121.
1330 1023 1343 1046 a
1369 1000 1474 1057 Lectus

327 1107 373 1162 est
395 1106 544 1177 Hippolyti
563 1105 691 1168 libellus,
716 1106 767 1175 qui
790 1104 892 1159 irenaei
916 1103 1082 1174 discipulus
1101 1103 1170 1160 luit.
1191 1105 1244 1162 Est
1263 1104 1319 1161 boc
1337 1104 1476 1160 volumen

327 1202 471 1259 adversus
491 1201 621 1258 haereses
641 1201 715 1256 duas
732 1200 763 1255 et
779 1199 912 1270 triginta,
934 1199 1045 1256 faciens
1060 1200 1179 1256 initium
1196 1215 1215 1256 a
1232 1201 1428 1268 Dositbeanis,
1447 1200 1476 1256 ct

326 1301 356 1356 in
367 1300 460 1356 Noeto
474 1313 509 1356 ac
522 1297 674 1354 Noetianis
684 1295 830 1352 desinens.
848 1297 962 1351 Harum
975 1295 1019 1352 ait
1031 1295 1263 1354 confutationem
1272 1311 1305 1354 se
1315 1298 1476 1367 suscepisse

326 1411 364 1451 ex
381 1394 565 1451 sermonibus
580 1393 693 1458 lrenaei,
712 1406 840 1463 quorum
858 1391 1066 1462 compendium
1079 1392 1135 1448 boc
1149 1407 1181 1449 se
1194 1393 1270 1449 libro
1290 1393 1475 1464 complexum

329 1495 433 1551 refert.
454 1495 549 1551 Dictio
568 1493 723 1564 perspicua
742 1491 773 1546 et
789 1490 921 1546 nonnihil
938 1491 1049 1560 gravis,
1069 1505 1123 1547 nec
1142 1491 1305 1556 abundans,
1323 1491 1396 1548 licet
1411 1491 1475 1546 atti·

326 1591 410 1646 cismi
425 1591 556 1646 rationes
569 1603 629 1645 uon
645 1588 719 1644 adeo
733 1587 827 1644 curet.
844 1587 938 1643 Habet
952 1589 1042 1644 etiam
1060 1588 1125 1644 tum
1142 1587 1202 1643 alia
1214 1589 1311 1644 minua
1324 1588 1473 1654 accurata,

326 1685 391 1740 tum
407 1685 484 1753 quod
500 1684 627 1740 Paulum
645 1683 780 1755 epistolae
799 1683 835 1740 ad
850 1682 990 1740 Hebraeos
1002 1683 1156 1740 auctorem
1173 1699 1237 1741 esse
1251 1686 1348 1755 negat.
1364 1685 1475 1742 Dicitur

328 1781 360 1837 et
374 1781 513 1837 homilias
532 1780 569 1836 ad
586 1780 728 1850 populum
745 1777 884 1835 habuisse
901 1778 1034 1849 origenis
1054 1775 1228 1844 imitatione,
1246 1780 1331 1851 cuy’us
1351 1780 1382 1837 et
1395 1780 1475 1836 Hmi-

327 1880 411 1936 liaris
426 1880 556 1936 maxime
569 1879 599 1935 et
613 1879 780 1935 studiorum
790 1877 906 1934 amator
920 1877 1050 1945 exstitit;
1064 1877 1107 1933 ita
1117 1877 1190 1934 utet
1200 1877 1236 1935 ad
1247 1886 1349 1934 sacras
1359 1879 1474 1935 litteras

325 1975 546 2032 commentariis
564 1973 758 2030 illustrandas
776 1987 845 2029 eum
867 1971 1086 2042 provocaverit,
1109 1972 1140 2030 et
1161 1974 1274 2044 septem
1296 1975 1352 2044 ipsi
1375 1975 1473 2043 tacby·

324 2072 453 2142 yrapbos
471 2069 654 2140 totidemque
673 2069 874 2140 calligrapbos
887 2069 1075 2144 constituerit
1091 2069 1121 2127 et
1134 2071 1305 2142 sumptuum
1320 2073 1411 2129 etiam
1425 2071 1473 2142 qui

324 2167 361 2222 ad
375 2166 429 2222 bos
442 2165 667 2236 requirerentur
679 2165 770 2220 deerit
780 2165 933 2235 elargitor.
948 2167 1076 2236 Haecque
1089 2180 1156 2222 cum
1171 2167 1227 2239 ipsi
1240 2167 1398 2237 preberet,
1413 2170 1473 2224 sine

324 2262 464 2340 dilatione
485 2275 559 2333 opus
581 2263 671 2329 ursit;
694 2261 772 2317 unde
794 2262 825 2317 et
845 2263 1039 2332 impulsorem
1056 2278 1125 2320 enm
1142 2278 1230 2319 suum
1250 2265 1351 2335 aliqua
1369 2267 1401 2321 in
1419 2267 1473 2335 epi-

324 2359 401 2416 stola
411 2373 465 2416 sua
475 2359 615 2428 Origenes
625 2357 767 2428 appellat.
777 2357 832 2414 Sed
843 2359 873 2414 et
883 2359 945 2430 ipse
956 2359 1084 2430 plurima
1094 2359 1248 2429 scripsisse
1258 2359 1401 2420 traditur.
1413 2387 1426 2410 n
1437 2359 1472 2435 (a)

369 2481 408 2547 9.
436 2493 476 2546 lo.
496 2488 576 2546 [bid.
602 2488 673 2546 Cod.
688 2491 752 2548 202.
770 2513 784 2536 u
800 2490 890 2546 Lecta
904 2490 950 2548 est
967 2490 1118 2563 Hippolyti
1132 2491 1261 2564 episcopi
1279 2507 1315 2549 ac
1330 2493 1472 2564 martyris

323 2589 530 2659 interpretatio
544 2591 682 2658 Danielis,
697 2605 785 2660 quem
803 2591 859 2648 etsi
872 2591 908 2648 ad
923 2593 1047 2649 verbum
1065 2607 1124 2649 non
1141 2594 1281 2663 explicat,
1295 2594 1472 2651 sententiam

323 2686 433 2753 tamen,
445 2683 479 2740 ut
490 2685 533 2740 ita
542 2684 651 2752 dicam,
666 2699 724 2741 non
738 2687 954 2756 praetercurrit.
973 2687 1069 2743 Multa
1082 2701 1171 2757 porro
1189 2687 1284 2744 veteri
1301 2703 1397 2756 more,
1417 2703 1472 2744 non

323 2782 357 2838 ut
369 2781 472 2850 postea
485 2781 568 2838 suere
580 2782 750 2839 accuratius
764 2797 901 2852 excussa,
916 2785 1138 2854 persequitur...
1164 2786 1261 2839 Genus
1277 2783 1342 2853 ejus
1357 2783 1472 2840 dicendi

323 2877 438 2948 clarum
452 2877 481 2931 in
496 2877 599 2947 primis
612 2891 648 2933 ac
661 2879 850 2948 perspicuum
867 2879 1163 2949 interpretationique
1174 2891 1352 2947 congruens,
1372 2893 1473 2948 quam-

323 2988 412 3042 quam
431 2973 538 3030 atticas
556 2973 635 3043 leges
658 2974 746 3030 valde
761 2977 907 3046 repudiat.
930 3003 943 3025 a
964 3007 997 3016 -
1019 3000 1032 3022 u
1052 2976 1159 3032 Lectus
1178 2969 1311 3046 eJusdem
1329 2975 1422 3030 simul
1444 2975 1473 3028 et

322 3071 398 3126 alius
412 3071 486 3126 liber
498 3070 534 3126 de
548 3070 664 3126 cbristo
682 3071 712 3127 et
730 3073 924 3140 Antichristo,
939 3075 1040 3142 inquo
1054 3072 1158 3128 eadem
1170 3071 1285 3128 dicendi
1299 3071 1399 3126 forma
1412 3084 1472 3126 ser-

321 3170 392 3226 vata
404 3170 432 3224 et
448 3183 587 3224 sensuum
601 3169 775 3238 simplicitas
787 3183 823 3227 ac
836 3171 979 3228 vetustas.
1000 3196 1013 3218 n
1029 3167 1065 3244 (a)

369 3293 431 3360 10.
452 3305 595 3360 Zorssans
621 3303 707 3376 (clar.
731 3310 804 3363 aute
823 3309 903 3363 med.
925 3320 982 3362 sec.
1005 3302 1089 3378 XII)
1112 3287 1232 3362 llu'nal.
1249 3305 1300 3360 lib.
1321 3305 1355 3360 ll.
1375 3326 1389 3348 κ
1413 3301 1472 3358 Sub

253 3431 256 3436 ·
321 3401 440 3458 Urbano
453 3405 584 3460 Romano
600 3407 754 3477 Episcopo,
768 3408 858 3464 etiam
871 3407 1058 3478 Hippolytus,
1072 3408 1120 3463 uir
1133 3407 1337 3464 sanctissimus
1351 3408 1383 3463 et
1403 3406 1470 3461 ‹loe-

320 3499 463 3569 tiasimus,
491 3503 614 3558 Romani
647 3505 751 3573 portus
778 3505 949 3575 Episcopus,
977 3504 1093 3572 floruit,
1120 3504 1171 3575 qui
1197 3504 1227 3559 in
1253 3503 1349 3560 multa
1374 3515 1470 3560 sacrae

321 3599 481 3669 scripturae
495 3599 560 3656 loca
573 3602 801 3659 commentarios
814 3601 999 3672 conscripsit.
1016 3627 1031 3650 n
1041 3600 1083 3675 (l)

366 3728 425 3791 11.
446 3737 640 3791 Nrcaruosus
661 3737 801 3793 canaram
814 3737 901 3808 (clar.
919 3751 977 3793 sec.
998 3734 1089 3808 XIV)
1108 3738 1143 3792 Η.
1163 3738 1195 3791 Ε.
1215 3737 1262 3792 lv.
1282 3737 1326 3792 31.
1352 3759 1365 3781 u
1386 3736 1470 3790 Tem·

320 3839 439 3906 poribus
460 3839 561 3895 Severi
575 3840 750 3909 Hippolytus
769 3841 869 3908 etiam,
889 3841 997 3896 Portus
1014 3841 1138 3896 Romani
1152 3841 1323 3910 Episcopus
1339 3838 1466 3894 floruit:

318 3934 369 4002 qul
386 3949 454 3990 cum
473 3934 532 3989 alia
550 3935 680 4004 plurima
699 3937 810 4006 scripta
828 3915 990 4006 prudenter
1002 3936 1033 3991 et
1045 3935 1131 3992 docte
1147 3935 1249 4002 edidit,
1266 3937 1331 3990 tum
1346 3933 1384 3990 de
1399 3936 1468 3990 Pas·

318 4029 404 4085 cbate
426 4031 535 4086 librum
557 4033 738 4102 pomposum
762 4033 792 4087 in
815 4047 873 4102 quo
899 4032 1096 4102 descriptione
1121 4032 1291 4102 temporum
1317 4031 1348 4086 et
1374 4028 1467 4085 veluti

345 4319 371 4374 (r)
383 4317 412 4363 P.
422 4316 451 4363 L.
464 4319 481 4364 t.
492 4317 604 4365 cxxlll.
617 4330 642 4376 p.
655 4323 691 4366 86.
798 4365 800 4368 ,
936 4321 998 4378 (s)l'.
1011 4321 1042 4368 G.
1054 4321 1072 4368 t.
1086 4319 1150 4367 0111.
1162 4321 1250 4377 puls.

345 4399 373 4454 (a)
383 4399 412 4444 P.
423 4397 452 4444 G.
465 4401 483 4444 t.
495 4398 558 4456 ‚cml
568 4411 593 4456 p.
606 4402 656 4446 ⁴02.
934 4404 961 4458 (r)
972 4399 1144 4496 ScrlrnkHtat.
1152 4399 1218 4454 ayn.
1229 4399 1374 4448 cxxvm.
1382 4411 1408 4456 p.
1416 4401 1466 4446 575.
