3180 5134
389 467 422 514 aa
441 465 580 516 muraov.
603 465 685 514 01101
705 464 859 514 caussam.
883 464 984 512 110011.
1060 447 1063 456 ’
1232 442 1266 502 la

89 636 227 707 episcopi
249 633 445 692 Alexandrini
464 634 494 691 et
514 635 674 692 crescentii
691 654 697 691 :
714 633 963 705 quemadmodum
982 629 1089 687 contra
1108 643 1141 686 se
1157 628 1265 685 mutuo

89 735 288 806 scripserint,
308 733 340 790 et
358 734 501 790 acerrime
514 733 721 806 pugnaverint.
737 734 808 798 Quae
827 729 947 800 quidem
960 727 1129 784 animorum
1153 724 1264 796 opinio·

90 845 230 901 numque
244 829 414 897 distractio,
429 844 466 886 ex
485 844 544 900 quo
563 830 654 886 semel
674 829 743 900 post
760 829 914 899 episcopos
927 825 1007 892 illos,
1022 823 1071 893 qui
1086 838 1123 880 ex
1137 823 1264 880 eircum-
1355 881 1357 888 ,

89 927 208 984 cisione
222 941 263 984 ae
272 929 288 982 J
292 926 446 984 udaeorum
459 927 541 984 secta
553 927 591 983 ad
602 927 752 984 Christum
766 940 830 982 sese
844 921 1068 990 converterant,
1082 919 1191 992 agitari
1204 934 1263 976 eoe-

89 1025 146 1094 pit,
164 1025 206 1080 ad
221 1023 335 1080 nostra
348 1038 440 1094 usque
453 1025 590 1094 tempora
603 1023 706 1080 eodem
720 1023 766 1080 001
778 1023 883 1080 tenore
893 1019 1048 1092 perducta.
1065 1017 1265 1084 Quamobrem

89 1123 228 1192 quitum
247 1121 287 1178 ad
302 1122 453 1178 Nicaenam
471 1122 618 1192 synodum
637 1122 766 1192 undique
781 1118 998 1186 conduxerant,
1015 1131 1049 1174 re
1063 1115 1204 1173 accurate
1217 1128 1266 1170 co·

89 1219 190 1288 gnita,
217 1217 375 1274 communi
397 1218 434 1274 ab
456 1219 592 1275 omnibus
615 1217 774 1275 concordia
795 1216 886 1286 atque
904 1229 942 1270 011
966 1213 1073 1270 idonea
1095 1212 1266 1282 temporum

89 1317 328 1388 computatione
341 1317 372 1374 et
383 1317 508 1389 calcula,
522 1317 734 1375 celebrandum
747 1330 813 1373 0000
825 1313 1006 1372 0101001011.
1025 1338 1039 1362 n
1058 1313 1096 1384 (1)

101 1465 108 1472 ’
141 1480 214 1545 12.
235 1489 394 1545 80011110
414 1488 502 1548 Η101.
522 1490 615 1546 11001.
635 1492 669 1549 V.
689 1492 736 1548 22.
757 1488 933 1576 staterum
946 1484 1024 1555 quod
1044 1483 1128 1540 nobis
1144 1485 1174 1540 in
1189 1499 1269 1540 men·

88 1589 156 1647 tem
170 1590 264 1648 venit
277 1591 314 1646 do
327 1593 459 1662 paschali
475 1593 561 1663 10010,
578 1593 607 1649 id
622 1593 757 1650 hocloco
775 1591 878 1663 paucis
899 1603 1049 1660 exponere
1066 1589 1267 1659 opportunum

92 1687 182 1756 puto.
208 1690 276 1742 Nee
295 1689 422 1755 veteres,
441 1704 496 1745 nec
520 1690 703 1746 recentiores
721 1689 771 1759 qui
791 1687 962 1743 iudaeorum
983 1701 1097 1742 morem
1112 1687 1195 1758 sequi
1207 1688 1269 1743 stu·
1314 1735 1317 1738 .
1394 1711 1397 1718 ,

93 1783 252 1852 duerunt,
276 1783 414 1840 idoneam
437 1786 511 1842 mihi
533 1786 673 1842 videntur
690 1785 829 1842 habuisse
852 1797 974 1841 causam
993 1798 1047 1840 eur
1066 1783 1175 1840 dehoc
1194 1783 1269 1840 sesto

12 1891 16 1896 ·
93 1881 268 1951 tantopere
284 1882 506 1940 contenderent.
523 1887 624 1952 Neque
644 1883 723 1940 enim
740 1882 813 1938 illud
830 1881 929 1938 animo
942 1881 1174 1951 perpenderunt,
1190 1883 1268 1951 post-

95 1991 194 2046 quam
202 1979 219 2032 J
224 1977 334 2033 udaica
344 1979 447 2049 religio
458 1981 488 2035 in
500 1980 700 2036 Christianum
709 1973 825 2036 cultum
835 1979 1019 2035 commutata
1029 1978 1084 2044 001,
1095 1979 1269 2034 accuratam

96 2073 188 2130 illam
203 2074 351 2131 Mosaieee
362 2075 436 2146 legis
450 2061 673 2134 observantiam
686 2077 716 2134 et
728 2091 831 2132 rerum
843 2076 1012 2132 futurarum
1028 2075 1139 2146 figuras
1152 2075 1270 2147 penitus

97 2169 248 2226 desiisse.
265 2169 355 2240 ldque
374 2173 541 2229 certissimo
554 2174 731 2244 argumento
751 2174 794 2229 ita
809 2171 1007 2229 demonstrari
1026 2174 1133 2244 potest.
1154 2174 1270 2231 Etenim

98 2268 191 2324 nulla
207 2268 280 2337 lege
291 2268 398 2325 Christi
412 2283 586 2326 eoncessum
599 2273 645 2326 est
658 2269 832 2326 Christianis
846 2269 1062 2326 ut'ludaeorum
1078 2270 1156 2328 ritus
1172 2271 1271 2328 obser·

98 2369 187 2426 vent.
218 2371 285 2422 lmo
308 2368 468 2436 Apostolus
491 2368 547 2424 1100
564 2369 674 2424 diserte
693 2369 799 2435 vetuit,
824 2383 882 2452 non
904 2369 992 2424 modo
1015 2369 1271 2426 circumcisionem

99 2466 265 2535 reJieiens,
281 2479 386 2520 verum
405 2466 496 2521 etiam
515 2467 677 2523 admonens
695 2482 732 2522 10
744 2466 781 2522 de
800 2466 883 2523 festis
899 2467 1002 2523 diebus
1016 2467 1093 2523 inter
1107 2483 1139 2523 00
1153 2469 1272 2525 conten-

99 2561 241 2619 derent..
250 2604 268 2617 ..
285 2562 444 2644 Apostolus
457 2565 488 2619 01
498 2563 695 2634 Evangelistae
708 2577 854 2632 nusquam
868 2563 1022 2619 servitutis
1031 2563 1139 2634 J'ugum
1149 2565 1208 2620 illis
1218 2566 1272 2621 im·

99 2658 282 2730 posuerunt
294 2659 344 2729 qui
357 2660 393 2715 ad
407 2661 648 2731 pradicationem
668 2659 738 2716 fidei
750 2659 945 2716 accessissent
959 2679 967 2716 :
979 2659 1030 2716 sed
1045 2661 1167 2718 Paschae
1181 2662 1270 2732 diem,

99 2759 249 2829 aliosque
262 2757 353 2814 festos
367 2759 439 2827 dies,
454 2761 577 2816 arbitrio
591 2759 783 2829 aequitatique
802 2772 905 2814 eorum
920 2759 969 2827 qui
984 2759 1126 2815 beneficia
1140 2761 1199 2816 illis
1213 2761 1272 2816 die-

101 2857 161 2912 bus
171 2857 369 2924 acceperant,
383 2857 521 2914 colendos
531 2857 726 2926 reliquerunt.
737 2855 1022 2924 Proinde,quoniam
1036 2854 1169 2912 homines
1180 2857 1272 2914 festos

101 2954 170 3010 dies
181 2953 304 3020 amant,
323 2953 482 3036 propterea
501 2954 580 3023 quod
600 2953 735 3010 laborum
755 2951 960 3008 remissionem
973 2953 1045 3023 ipsis
1059 2955 1198 3020 afferunt,
1215 2955 1273 3010 sin·

102 3050 171 3120 guli
192 3047 331 3116 locatim,
346 3051 435 3120 prout
451 3053 557 3122 cuique
569 3052 686 3108 libitum
700 3051 765 3117 luit,
782 3050 922 3107 salutaris
938 3052 1082 3121 passionis
1099 3055 1273 3109 memoriam

104 3164 146 3205 ex
160 3147 300 3219 quadam
315 3149 527 3204 consuetudine
544 3149 742 3205 celebrarunt.
758 3131 834 3204 Nam
848 3163 902 3202 nec
916 3149 1058 3205 servator
1074 3163 1128 3205 nee
1141 3150 1274 3219 Apostoli

104 3247 136 3304 id
151 3239 382 3303 observandum
396 3261 461 3302 esse
475 3247 558 3304 nobis
570 3245 634 3316 lego
644 3247 745 3316 aliqua
757 3245 1004 3316 praescripserunt
1018 3265 1026 3301 :
1040 3261 1135 3317 neque
1148 3248 1274 3303 multam

105 3346 163 3402 aut
184 3343 371 3414 supplicium
388 3349 441 3402 aut
453 3345 696 3415 imprecationem
712 3343 872 3413 Evangelia
885 3343 969 3398 nobis
988 3343 1041 3398 aut
1059 3343 1190 3412 Apostoli
1205 3345 1275 3400 sunt

105 3441 304 3507 comminati,
318 3442 568 3510 quemadmodum
587 3442 718 3498 Mosaiea
729 3441 779 3496 lex
796 3441 894 3496 lacere
908 3440 1071 3496 consuevit.
1088 3441 1198 3496 Verum
1217 3441 1275 3498 his·

104 3542 202 3598 toriae
227 3538 386 3594 dumtaxat
408 3553 508 3605 eausa,
532 3540 569 3596 ad
593 3540 785 3612 opprobrium
807 3537 990 3603 ludaeorum,
1012 3552 1047 3592 eo
1071 3537 1148 3606 quod
1171 3538 1274 3596 diebus

106 3639 199 3694 iestis
214 3635 314 3691 caedes
329 3637 449 3704 patrare
462 3637 542 3692 soliti
559 3636 667 3702 essent,
688 3634 818 3691 relatum
831 3635 878 3691 est
896 3635 926 3689 in
940 3632 1118 3702 Evangelia,
1138 3635 1274 3690 Servato-

105 3749 182 3791 rum
197 3745 325 3804 passum
344 3732 435 3788 1111000
450 3733 552 3790 diebus
566 3720 748 3804 azymorum.
764 3733 876 3802 Quippe
892 3731 1077 3801 propositum
1090 3730 1184 3786 adluit
1201 3734 1275 3802 Apo·

106 3831 212 3920 stolis,
239 3843 299 3883 1101
319 3829 353 3884 ut
373 3829 408 3886 de
431 3830 533 3887 diebus
552 3823 635 3888 iestis
658 3831 739 3900 leges
757 3829 881 3894 ferrent,
897 3829 948 3884 sod
972 3815 1170 3884 strationem
1193 3831 1275 3884 recte

107 3924 243 3983 vivendi
258 3937 420 3994 veramque
437 3929 580 3997 pietatem
598 3927 798 3985 ostenderent.
817 3930 859 3982 Ac
877 3926 950 3981 mihi
963 3925 1081 3995 quidem
1095 3925 1224 3992 videtur,
1241 3927 1276 3981 ut

108 4024 174 4082 alia
188 4020 293 4080 multa
305 4023 396 4078 variis
415 4025 445 4079 in
460 4025 533 4082 loeis
547 4040 602 4081 usu
616 4025 744 4095 quodam
760 4023 960 4091 invaluerunt,
975 4023 1018 4077 sic
1034 4023 1123 4077 etiam
1137 4021 1276 4091 paschale

109 4123 233 4179 festum
249 4117 326 4187 apud
342 4119 473 4189 singulos
491 4136 528 4176 ex
541 4121 646 4177 inolita
658 4119 786 4190 quadam
805 4118 1017 4175 consuetudine
1033 4118 1213 4186 peculiarem
1226 4118 1276 4172 ob·

138 4440 168 4493 (1)
181 4437 215 4482 r.
228 4431 261 4476 0.
274 4432 292 4476 t.
304 4431 382 4479 11111.
395 4444 419 4490 p.
432 4437 482 4479 aa.
