3154 5134
256 465 321 512 cm.
345 466 381 510 iv.
405 464 440 509 on
461 463 535 508 liris
555 460 710 510 aenomaus
731 461 869 508 crimme
890 461 1048 508 inrorans.
1167 447 1225 508 275

76 668 91 696 n
113 631 228 710 drani
254 631 362 708 Petri
383 630 520 706 habere
541 653 580 706 se
600 627 780 730 praedicat
799 663 815 693 n
837 630 875 726 (ι)
894 652 969 703 non
989 627 1227 727 reprehendit
1292 711 1297 724 ‚

74 765 175 866 quod
202 765 428 866 dignitatem
451 787 566 839 suam·
581 760 741 837 inaniter
759 759 820 836 vel
841 759 1044 836 insolenter
1063 759 1174 860 jactit
1197 764 1224 847 t,

74 903 137 978 sed
178 903 296 1004 quud,
337 901 601 978 haereticorum
634 899 862 1001 baptismum
899 897 1104 1000 probando,
1144 922 1227 974 eam

74 1036 307 1138 dignitatem
325 1061 398 1112 non
416 1035 507 1112 satis
524 1038 688 1112 tueatur.

127 1217 167 1299 8.
186 1221 250 1297 Ex
268 1219 327 1296 his
344 1218 515 1296 omnibus
539 1217 666 1318 itaque
688 1213 831 1316 liquido
850 1215 1009 1300 constat,
1030 1212 1226 1288 necessita·

75 1359 153 1430 tem
168 1353 390 1431 adhaerendi
403 1351 568 1429 ecclesiae
580 1350 764 1428 Romanae
778 1351 913 1424 etcum
926 1369 970 1421 ea
983 1345 1226 1422 conveniendi

77 1489 182 1602 circa
196 1488 408 1566 doctrinam
421 1486 666 1564 christianam
679 1487 872 1584 tamquam
885 1505 970 1558 cum
985 1479 1227 1558 fundamento
1270 1553 1274 1564 ,

77 1627 252 1704 ecclesiae
266 1623 489 1702 universalis
503 1628 540 1700 et
552 1622 735 1725 principio
748 1618 947 1723 principali
961 1619 1116 1695 unitatis
1130 1621 1224 1720 ejus.

79 1761 261 1865 explicite
286 1761 454 1862 agnitam
480 1759 595 1834 fuisse
620 1757 660 1833 in
685 1754 870 1832 catholico
901 1751 1091 1829 intellectu
1121 1759 1159 1830 et
1188 1755 1227 1830 in

80 1897 287 1973 manifesta
309 1894 574 1997 praedicatione
595 1889 846 1969 ecclesiastica
866 1889 913 1964 ab
936 1887 1087 1963 exordio
1115 1887 1228 1964 eccle-

82 2030 149 2105 siae
182 2033 251 2106 aut
279 2032 378 2106 certe
408 2027 493 2103 inde
523 2028 569 2104 ab
599 2031 765 2102 extremo
791 2022 916 2100 seculo
942 2022 993 2098 ll.
1023 2021 1158 2100 Restat
1186 2029 1230 2101 ut

82 2161 295 2264 explicetur
322 2161 505 2263 quomodo
529 2161 670 2238 lactum
692 2161 763 2236 hoc
787 2156 980 2236 conciliari
1004 2158 1122 2260 possit
1142 2184 1230 2236 cum

83 2294 186 2371 lacto
210 2319 284 2370 non
308 2295 432 2370 minus
455 2297 557 2370 certo
579 2293 800 2370 resistentiae
825 2291 1006 2394 Cypriani
1030 2295 1067 2368 et
1089 2296 1228 2369 cetero-

85 2455 171 2506 rum
190 2431 374 2520 omnium,
394 2435 437 2508 ut
452 2431 615 2520 videtur,
635 2431 895 2533 episcoporum
912 2428 1105 2520 Afrorum,
1122 2430 1228 2506 item-

84 2589 158 2664 que
175 2562 390 2640 Firmiliani
413 2568 449 2640 et
467 2567 726 2667 episcoporum
749 2563 952 2667 provinciae
970 2588 1062 2651 suae,
1082 2563 1230 2648 demeto

85 2697 202 2773 alicui
232 2698 369 2773 summi
399 2698 611 2788 pontificis,
643 2699 740 2799 quod
776 2697 905 2799 utique
939 2723 985 2773 ex
1019 2720 1094 2772 una
1122 2702 1229 2800 parte

78 2833 387 2933 peremptoriam
412 2833 674 2934 agnoscebant,
701 2857 746 2907 ex
772 2831 848 2908 alia
869 2854 958 2907 vero
983 2834 1090 2932 parte
1112 2832 1230 2907 mani-

86 2967 179 3044 feste
203 2991 400 3042 erroneum
424 2991 467 3044 ac
488 2967 693 3069 Scripturae
711 2965 849 3043 divinae
867 2970 904 3042 et
921 2965 1136 3067 apostolicae
1152 2969 1229 3042 tra·
1307 3029 1313 3039 ,

86 3100 219 3177 ditioni
251 3102 505 3178 contradicere
527 3127 665 3203 magna
685 3102 723 3177 vi
745 3101 973 3177 asserebant.
1002 3100 1045 3175 ln
1075 3123 1149 3200 qua
1174 3124 1227 3188 re,

88 3263 136 3314 ne
157 3215 346 3339 cogamur¹
362 3238 483 3316 dicere
506 3264 633 3315 omnes
657 3237 741 3314 illos
765 3238 957 3339 episcopos
978 3235 1018 3310 in
1036 3233 1232 3311 formalem

90 3371 264 3449 haeresim
281 3373 456 3451 incidisse
474 3380 511 3452 et
528 3375 769 3477 pertinaciter
786 3373 905 3450 eidem
923 3370 1134 3458 inhaesisse,
1150 3369 1231 3447 haec

90 3532 165 3583 una
181 3507 332 3583 videtur
352 3533 544 3610 superesse
562 3509 670 3586 ratio.
694 3508 884 3586 Nimirum
902 3505 1021 3584 altera
1040 3507 1119 3582 haec
1137 3506 1233 3582 veri-

90 3647 162 3730 tas,
181 3667 265 3743 quae
278 3643 502 3742 jamdudum
515 3669 697 3721 consensu
711 3643 973 3744 theologorum
987 3645 1024 3718 el
1036 3640 1232 3717 catholicae

92 3772 207 3874 plebis
231 3773 408 3864 admissa,
433 3801 552 3878 nuper
570 3801 593 3853 a
611 3777 679 3855 SS.
703 3777 786 3853 DD.
808 3777 878 3852 Pio
898 3775 967 3864 IX,
987 3775 1032 3850 de
1049 3775 1232 3851 sententia

95 3907 251 3985 Ooncilii
281 3910 501 3986 oecumenici
527 3910 702 3988 Vaticani
733 3910 948 3987 solemniter
977 3907 1131 3984 definita
1160 3913 1229 3995 est,

93 4041 265 4137 ez‘opotos
295 4041 435 4120 scilieet
464 4043 657 4122 Romanos
687 4043 889 4120 Pontifices
919 4042 959 4117 in
983 4041 1150 4135 stapulas
1174 4041 1233 4117 de

96 4176 204 4252 cretis
228 4201 313 4278 quae
334 4177 373 4252 in
395 4203 436 4254 re
458 4178 543 4255 fidei
567 4185 633 4258 aut
656 4204 804 4256 morum
816 4176 1073 4280 perenrplorie
1097 4199 1162 4251 seu
1183 4201 1233 4249 ecc

128 4459 157 4518 (ι)
169 4458 257 4524 Epist.
271 4459 306 4510 ad
319 4459 399 4524 cypr.
414 4473 439 4510 n.
456 4462 486 4510 17
497 4459 631 4525 (Appeud.
646 4475 708 4526 pag.
723 4457 781 4523 69).
