3170 5134
770 1039 1009 1124 CAPUT
1043 1040 1101 1120 V.

373 1309 502 1364 UTRUM
520 1308 901 1364 PHILOSOPHOUMENON
916 1310 1060 1366 AUCTOR
1076 1312 1228 1368 CENSERI
1247 1313 1374 1369 POSSIT
1391 1317 1513 1371 CAIES.

759 1686 1041 1747 Ammonos
1074 1691 1100 1748 1.

533 1915 692 1972 'QUAENAM
715 1914 757 1960 DE
780 1915 852 1960 ΟΑΙΟ
874 1915 1096 1964 TRADIDERINT
1119 1917 1266 1965 VETERES
1286 1919 1319 1972 (1).

421 2123 454 2204 l.
479 2142 512 2205 1.
540 2125 685 2202 Floruit
714 2129 878 2226 tempore
907 2125 1105 2226 Zephyrini
1132 2124 1171 2202 S.
1200 2125 1246 2200 P.
1275 2127 1326 2223 (2),
1354 2130 1393 2201 et
1420 2151 1509 2202 eum

369 2257 484 2378 tuisse
512 2256 735 2361 discipulum
769 2257 901 2334 Irenaei
934 2256 1115 2357 eolligunt
1144 2256 1294 2358 quidam
1323 2281 1369 2332 ex
1400 2259 1506 2334 testi-

370 2393 493 2469 monio
516 2393 607 2470 satis
631 2394 770 2469 incerto
791 2396 841 2490 t).

418 2559 454 2640 2·
483 2577 535 2640 11.
570 2567 757 2644 Qooeoooo
789 2561 1050 2656 conscripserit
1081 2560 1216 2668 Coioo
1243 2603 1289 2614 -
1322 2565 1358 2634 1⁰
1388 2561 1504 2638 Certe
1558 2589 1559 2596 ¹

368 2695 586 2796 conscripsit
606 2695 795 2796 dialogum
816 2698 946 2771 contro
963 2693 1140 2770 Proolum
1158 2693 1428 2771 Montenistem
1448 2699 1500 2793 (4),

368 2826 406 2901 in
427 2851 499 2927 quo
517 2831 553 2903 et
570 2827 790 2904 Corinthum
812 2825 989 2903 refutavit
1006 2829 1056 2925 (5).
1077 2832 1116 2903 2⁰
1134 2826 1210 2928 Ipsi
1232 2827 1345 2904 etiam
1366 2798 1500 2905 tributi

367 2966 454 3038 sunt
477 2961 562 3038 libri
585 2963 651 3064 qui
680 2961 849 3064 inscripti
879 2966 986 3039 oront
1010 2967 1066 3038 De
1092 2965 1282 3051 universo,
1309 2967 1500 3060 Lotym'o-

367 3101 455 3172 thos
477 3100 513 3172 et
535 3101 690 3172 Poroos
713 3099 974 3192 Lotyro'ottos
999 3097 1177 3173 advorsus
1205 3096 1438 3173 Theodotum
1464 3103 1502 3173 et

367 3229 688 3306 Artemonem..1d
712 3235 837 3307 tomen
862 3228 963 3308 solus
988 3230 1141 3308 tradidit
1170 3232 1340 3307 Prorlos
1365 3233 1425 3329 (e),
1454 3257 1501 3306 ex

366 3368 589 3444 auctoritato
618 3368 855 3446 librariorum
881 3370 944 3470 qui
971 3369 1038 3446 hos
1063 3369 1177 3446 libros
1207 3369 1498 3471 descripserunt,

366 3504 406 3576 ot
429 3526 474 3578 no
497 3502 673 3604 suspicati
699 3503 845 3603 quidem
872 3503 1045 3580 videntur
1070 3503 1257 3579 Eosoeros
1281 3505 1318 3601 (r)
1342 3504 1379 3578 et
1404 3502 1498 3577 Hur-

395 3761 425 3823 (1)
447 3759 616 3812 'testimonia
638 3761 757 3810 veterum
786 3761 820 3812 de
848 3761 913 3813 Caio
947 3761 1052 3824 tumet)
1068 3761 1245 3811 Artemonem
1260 3757 1400 3824 insertffl.
1415 3759 1451 3813 E.
1465 3761 1497 3810 V.

363 3857 416 3907 vid.
435 3856 464 3906 in
480 3857 601 3922 Append.
618 3857 644 3907 Ε
655 3857 726 3922 (pag.
739 3849 846 3919 4042).
946 3857 987 3914 27.
1000 3856 1040 3913 28)
1055 3870 1061 3904 :
1076 3875 1088 3897 u
1102 3855 1252 3906 Multorum
1269 3855 1350 3906 otiam
1367 3857 1496 3910 lucubro-

395 3947 424 4010 (π)
437 3946 510 3997 Teet.
525 3946 555 4008 2,
568 3947 599 4006 5,
613 3946 643 3998 6.
947 3967 959 3987 υ
973 3945 1062 3994 tiones
1071 3945 1106 3995 ed
1118 3957 1168 3995 noe
1181 3947 1370 4009 pervenerunt,
1379 3959 1496 4008 quorum

396 4037 425 4098 (³)
437 4035 510 4086 Tet.
526 4037 551 4086 1.
892 4081 896 4088 ,
946 4047 1006 4085 nne
1024 4034 1084 4098 ipse
1101 4035 1211 4097 quidem
1223 4034 1334 4086 nomine
1350 4049 1495 4099 possumus

395 4129 424 4189 (i)
437 4126 510 4178 Test.
525 4127 555 4186 2,
568 4128 600 4188 4,
610 4127 642 4186 5,
655 4127 686 4186 6,
699 4125 729 4177 8.
946 4148 957 4165 n
972 4137 1121 4177 recensere.
1131 4125 1183 4184 Qui
1193 4124 1340 4175 orthodoxi
1349 4125 1458 4188 quidem
1469 4130 1495 4177 et

395 4231 425 4281 te)
439 4223 512 4274 rest.
526 4223 556 4282 3,
569 4223 600 4274 ’1.
945 4245 957 4264 n
970 4219 1150 4273 ecelesiastici
1159 4221 1224 4284 [Cir.
1234 4221 1358 4287 Append.
1370 4236 1432 4287 pag.
1447 4217 1494 4288 4⁰,

395 4317 425 4375 (e)
437 4315 510 4366 Teet.
525 4313 555 4365 8.
942 4336 954 4356 n
969 4315 1024 4364 not.
1037 4313 1071 4364 ad
1083 4312 1145 4364 test.
1159 4312 1188 4368 2]
1201 4327 1297 4366 omnes
1309 4315 1395 4374 ruere,
1408 4315 1437 4366 ut
1449 4329 1489 4364 se-

349 4402 351 4406 ’
395 4405 424 4466 (τ)
435 4404 503 4454 Nam
511 4403 549 4454 ito
560 4402 659 4454 librum
669 4405 765 4455 contro
775 4402 907 4468 (Theodo-
944 4424 956 4446 n
969 4415 1022 4454 crae
1044 4400 1192 4466 scripturae
1207 4401 1341 4467 expositio
1358 4416 1375 4454 a
1397 4401 1489 4469 singu-
