3154 5134
242 411 249 436 0

234 484 295 530 cir.
320 483 356 527 iv.
382 480 417 525 na
436 477 507 523 neris
530 475 687 522 senonicus
708 473 843 520 crraieuo
865 473 1024 519 innormis,
1145 457 1202 518 itii

62 654 159 730 etin
185 652 266 754 ipso
297 647 494 725 fundatam
520 665 600 717 esse
623 639 819 716 ecclesiam
843 642 893 737 (ll-
921 655 954 718 b.
980 638 1202 716 Distinctius

60 791 169 867 etiam
200 783 427 888 significavit
456 805 519 858 eas
549 777 674 853 claves
704 801 727 852 a
757 776 917 853 Domino
936 802 1012 873 per
1029 781 1203 852 Petrum

61 922 205 998 relictas
228 945 309 997 esse
330 915 498 993 eeclesiae
521 914 570 1010 (a).
591 941 623 990 o.
642 911 718 986 Per
741 935 786 986 ea
809 935 894 1012 quae
913 910 1026 986 habet
1049 911 1088 988 in
1106 909 1202 986 libro

61 1081 123 1132 suo
152 1062 198 1132 de
226 1054 441 1138 Pudicitia,
469 1071 631 1148 arguens
657 1045 849 1122 decretum
871 1045 1124 1148 aZephyrino
1142 1043 1202 1120 vel

60 1192 179 1293 potius
201 1189 358 1268 Callisto
381 1189 513 1263 contra
536 1181 788 1258 Montanistas
812 1180 1064 1283 promulgate,
1085 1185 1204 1258 osten-

61 1327 111 1402 dit
126 1325 304 1402 Pontifici
324 1325 498 1402 Romano
517 1319 699 1420 attributa
717 1343 797 1394 esse
810 1319 875 1419 jus
894 1318 1035 1396 ferendi
1054 1321 1203 1398 decreta

55 1469 311 1565 peremptorio
336 1466 376 1541 in
402 1462 561 1540 materia
584 1459 670 1536 fidei
694 1463 731 1536 et
748 1460 848 1560 juris
873 1459 1128 1550 ecelesiastici,
1159 1487 1203 1539 ac

62 1601 185 1678 titulos
209 1601 412 1693 Pontifices
434 1597 603 1673 areatat
624 1599 660 1672 et
679 1596 859 1694 Episcopi
879 1597 1143 1692 cpiscoporum
1165 1598 1202 1694 ()

62 1739 94 1810 et
109 1735 317 1832 Apostoir'ci
334 1736 386 1831 (r),
402 1755 544 1808 necnon
561 1732 756 1829 tamquam
770 1728 978 1804 successori
997 1727 1103 1805 Petri
1121 1728 1202 1804 uni-

62 1869 240 1946 versalem
263 1869 487 1970 potestatem
510 1863 652 1965 ligandi
673 1867 710 1938 et
732 1861 900 1940 solvendi
925 1887 971 1938 ex
988 1863 1112 1939 verbis
1132 1863 1204 1940 Do-

63 2003 148 2079 mini
167 2004 214 2081 ad
238 2005 396 2080 Petrum
420 2003 458 2100 (5)
476 2000 673 2076 deductam
696 2002 749 2096 (s).
778 1999 872 2075 Haeo
897 1997 1048 2098 quidem
1072 1997 1203 2074 irridet

90 2326 117 2384 (i)
133 2322 173 2374 De
189 2321 351 2386 Praescript.
369 2336 392 2373 c.
410 2323 441 2372 22
454 2337 465 2372 u
480 2341 492 2363 u
510 2321 604 2372 Latuit
637 2319 692 2372 Cir.
712 2335 797 2386 supra
812 2335 876 2388 pag.
891 2323 945 2373 178.
968 2322 1024 2373 uot.
1040 2324 1062 2373 l.
1084 2351 1116 2360 -
1128 2323 1201 2375 Nota

64 2411 186 2475 -aliquid
198 2411 324 2472 Petrum,
337 2410 506 2462 aedificandae
517 2410 604 2462 eccle·
639 2411 723 2462 etiam
731 2413 816 2462 verba
827 2411 1034 2474 subsequentia.
1047 2413 1094 2462 ubi
1113 2412 1197 2478 signi-

64 2520 75 2538 „
87 2500 131 2550 siae
153 2502 261 2566 petram
281 2501 394 2560 dictum,
415 2501 505 2552 claves
528 2501 607 2566 regni
641 2501 741 2551 fleatur
757 2501 828 2553 illud
844 2503 988 2552 decretum
1007 2515 1058 2566 pro
1076 2502 1202 2554 Ecclesia
1218 2564 1229 2580 ,

65 2595 216 2646 -eoeIorum
234 2597 424 2656 consecutum,
441 2597 468 2647 et
483 2594 606 2646 solvendi
640 2595 766 2646 absolute
792 2609 841 2645 seu
863 2609 914 2660 pro
935 2597 993 2645 tota
1012 2594 1139 2646 Ecclesia
1161 2595 1200 2647 la-

66 2685 111 2734 uet
122 2684 254 2751 alligandi
264 2686 292 2736 in
305 2685 383 2736 coelis
392 2685 456 2737 etin
468 2684 550 2736 terris
560 2698 606 2748 po·
639 2685 718 2735 tum:
734 2706 746 2726 a
760 2683 812 2735 Sed
831 2685 885 2734 hoc
897 2683 925 2733 in
944 2684 1069 2734 Ecclesia
1089 2684 1199 2750 legitur,

65 2773 224 2826 ⁸vtestatemi
240 2797 252 2816 a
267 2774 308 2835 (P.
329 2773 360 2825 L.
378 2774 448 2826 t.11.
466 2789 492 2838 p.
510 2775 606 2826 ait·
640 2776 693 2824 set
721 2773 751 2824 in
779 2774 905 2824 Ecclesia
935 2771 1143 2839 pronuntiatur.
1173 2779 1201 2828 et

63 2857 605 2926 DeMonoyamiac.8:··Petrumsolum
640 2863 742 2928 «virgo
765 2865 815 2914 est.
845 2864 934 2925 Absit,
964 2864 1036 2914 absit
1058 2877 1075 2914 a
1098 2879 1201 2930 sponsa
1249 2919 1250 2922 ,

63 2949 188 3005 ·invenio
199 2953 340 3014 maritum,
353 2965 403 3017 per
413 2967 537 3015 socrum3
549 2966 604 3003 mo·
639 2975 650 2994 κ
665 2951 768 3002 Christi
781 2952 837 3004 tale
850 2953 1050 3016 praeconium...
1066 2975 1078 2995 υ

62 3041 601 3106 ·nogamumprasumapereeclesiam,
669 3041 697 3103 (i)
711 3041 781 3093 lbid.
802 3056 825 3092 o.
843 3043 894 3092 21:
910 3063 922 3083 u
943 3041 1050 3093 Exhibe
1068 3042 1155 3107 igitur
1173 3045 1201 3096 at

61 3141 228 3194 -queesuper
240 3130 320 3180 illum
336 3130 481 3188 adificata,
492 3145 602 3180 omnem
638 3152 650 3171 s
663 3143 738 3180 nuuc
753 3130 830 3192 mihi,
854 3130 1018 3194 apostolice,
1038 3131 1200 3195 prophetica

62 3217 193 3279 ·gradum
206 3218 312 3269 ordinis
324 3219 366 3269 sui
378 3219 411 3268 de
427 3218 601 3283 monogamis
636 3242 648 3262 a
662 3219 819 3283 exempla...
834 3241 846 3261 „
861 3219 941 3274 (Ibid.
955 3233 981 3284 p.
997 3220 1078 3284 1024).

61 3309 136 3356 =erat
146 3302 315 3360 collocatura
328 3331 340 3350 n
354 3310 435 3371 (ibid.
447 3323 472 3374 p.
487 3311 556 3367 939).
568 3338 602 3346 -
667 3313 698 3364 iai
712 3311 824 3362 Murra.
838 3323 893 3362 xvi.
909 3312 948 3374 18,
963 3313 1004 3362 19.

61 3391 129 3445 ddde
140 3397 183 3448 eit.
199 3399 228 3449 in
241 3399 310 3450 nott.
324 3411 401 3462 seqq·
669 3403 700 3458 to)
713 3399 753 3450 De
769 3398 905 3451 Pudice.
921 3401 951 3451 21
967 3416 973 3451 τ
989 3423 1000 3442 u
1013 3399 1131 3451 Vindice
1149 3401 1199 3452 tibi

88 3483 114 3544 (a)
127 3483 298 3550 Sroiptaceo.
314 3489 360 3539 10:
373 3511 385 3531 u
399 3488 470 3540 Nam
482 3490 509 3540 et
521 3489 544 3539 si
557 3489 602 3538 ad·
637 3511 649 3530 n
663 3490 827 3540 delictorum
838 3489 1007 3551 ejuscemodi
1024 3489 1213 3541 remittendo-v

62 3573 130 3625 -huc
151 3577 275 3628 clausum
305 3579 384 3643 putas
407 3578 518 3640 coelum,
545 3593 600 3630 me·
636 3581 724 3629 nrum
741 3581 946 3645 potestatem...
964 3580 1003 3642 Si,
1022 3581 1087 3643 quia
1099 3581 1200 3632 dixerit

62 3667 167 3716 »mento
189 3666 280 3719 clares
303 3670 363 3731 ejus
387 3669 431 3719 hie
452 3669 601 3719 Dominum
637 3693 648 3712 n
663 3668 746 3720 Petro
770 3668 929 3720 Dominus:
951 3667 1040 3734 Super
1058 3671 1129 3720 hano
1150 3683 1197 3734 pe·

63 3750 160 3807 aPetro
179 3760 215 3818 et,
236 3771 287 3822 per
307 3772 381 3819 eum,
401 3758 524 3810 eeclesiae
540 3759 603 3809 reli·
640 3761 739 3809 utram
756 3759 900 3809 aedificabo
920 3759 1072 3810 ecelesiam
1093 3772 1198 3825 meam;
1248 3809 1252 3814 .

63 3841 167 3902 -quisse
180 3870 191 3890 n
205 3847 287 3910 (ibid.
300 3860 326 3911 p.
342 3848 406 3909 142).
638 3871 649 3884 -
665 3847 716 3898 tibi
728 3847 791 3898 dedi
808 3846 899 3898 claves
910 3849 989 3912 regni
999 3847 1129 3907 coelestis,
1138 3849 1195 3900 rel:

89 3931 116 3992 (a)
127 3933 164 3984 De
173 3933 271 3986 Pudic.
291 3951 315 3986 e.
332 3938 343 3987 l
359 3952 365 3985 :
381 3959 392 3979 u
406 3937 494 3987 Audio
507 3939 598 3998 etiarn,
635 3961 647 3982 e
661 3937 845 4000 Quaecumque
858 3937 1015 4002 alligaveris
1029 3937 1070 3986 vel
1083 3937 1199 3990 solveris

64 4019 263 4075 -adictumessa
272 4025 445 4089 propositum
455 4027 600 4088 etquidem
635 4047 647 4068 ν
661 4026 690 4076 in
706 4028 789 4086 terra,
807 4027 890 4078 erunt
913 4027 1028 4092 alligata
1046 4027 1087 4077 vel
1107 4027 1198 4080 soluta

63 4113 299 4175 ·peremptorium.
336 4112 473 4164 Pontifex·
494 4115 601 4166 scilieet
636 4139 648 4158 n
662 4115 689 4166 in
700 4115 793 4180 coelis;
807 4116 912 4166 idcireo
922 4117 1069 4180 praesumis
1085 4119 1112 4167 et
1126 4117 1161 4167 ad
1173 4120 1199 4168 te

65 4203 219 4266 maximus,
231 4206 305 4268 quod
317 4208 358 4257 esi
373 4207 528 4271 Episcopus
541 4209 598 4273 epi·
636 4231 647 4250 a
661 4209 800 4260 derivasse
816 4207 939 4259 solvendi
957 4209 984 4257 et
1001 4207 1134 4272 alligandi
1152 4225 1199 4274 po-

65 4303 231 4356 -scoporum
249 4294 336 4346 dicit:
355 4296 414 4361 Ego
429 4298 460 4348 at
476 4299 601 4349 moeeiiiae
636 4299 800 4360 §testatem
819 4297 847 4347 id
869 4299 911 4347 ast
933 4297 967 4346 ad
986 4309 1095 4346 omnem
1111 4300 1200 4354 eecle-

67 4379 110 4428 *ai
123 4382 309 4435 fornicationis
321 4384 420 4436 delicta
435 4387 598 4450 poenitentia
633 4409 646 4423 ν
660 4387 731 4438 siam
748 4387 826 4436 Petri
845 4385 1040 4451 propinquam,
1064 4388 1153 4448 qualis
1169 4405 1198 4441 es

67 4466 177 4523 -runeiis
194 4472 303 4525 dimitto
322 4496 334 4514 υ
354 4473 434 4538 (ibid.
447 4490 473 4540 p.
487 4477 553 4540 981).
568 4477 599 4512 '-
635 4477 785 4528 nevertens
809 4476 892 4538 atque
917 4474 1090 4526 commutans
1111 4478 1198 4533 mani·
