3208 5150
322 424 361 482 ‘ll
626 436 697 482 mss,
722 437 890 483 noanon.
914 437 939 484 s.
963 435 1043 481 narni
1064 433 1154 480 rursu.

907 511 915 533 t

323 627 407 678 eam
420 603 622 679 formulam
640 627 757 704 quum
775 627 849 679 non
867 603 977 704 pauci
996 601 1252 688 accessissent,
1273 601 1375 677 circa
1393 625 1477 676 me-

324 737 429 814 dium
458 739 626 816 seculum
656 740 708 828 ll,
740 738 963 818 intermedia
993 736 1060 813 illa
1090 735 1232 824 schola,
1267 739 1479 814 Catholicae

325 873 491 952 ecelesiae
513 877 662 953 nomine
685 879 891 977 assumpto,
921 879 963 951 ut
985 899 1068 976 quae
1092 873 1301 950 doctrinam
1324 873 1476 951 Christi

325 1013 565 1114 profiteretur
586 1013 625 1089 in
648 1010 952 1114 quamuniversi
974 1009 1183 1086 consentire
1204 1011 1369 1110 possent,
1386 1008 1476 1108 jain

325 1148 584 1224 vehementius
619 1171 730 1247 agere
770 1145 884 1248 coepit
924 1143 1103 1220 adversus
1145 1141 1362 1218 dissidentes
1403 1163 1475 1214 scu

326 1284 533 1369 boeretr'cos,
563 1281 627 1383 qui
650 1279 791 1356 scilicet
815 1277 982 1380 aliquam
1005 1301 1051 1352 ex
1072 1273 1362 1379 particularibus
1386 1273 1477 1347 doc-

325 1413 435 1491 trinis
461 1415 541 1516 jam
577 1414 616 1490 iu
647 1411 900 1488 universalem
929 1409 1101 1487 conflatis
1135 1434 1221 1485 cunr
1255 1406 1476 1484 exclusione

325 1546 483 1624 alterius
509 1547 705 1650 praelracte
732 1549 773 1622 ut
799 1545 869 1621 sibi
895 1543 1087 1647 propriam
1113 1547 1240 1620 tenere
1265 1553 1474 1643 praesumc-

324 1687 428 1771 rent‚
461 1707 597 1784 eosque
631 1687 826 1784 tamquam
859 1679 1096 1757 adversarios
1134 1677 1279 1756 Christi
1315 1678 1476 1778 ejusque

325 1815 505 1893 doctrinae
522 1823 759 1921 corruptores
776 1817 973 1894 traducere
991 1821 1028 1893 et
1041 1815 1225 1918 persequi.
1247 1815 1305 1890 hd
1323 1813 1475 1890 felicem

324 1955 450 2026 autem
467 1951 604 2054 incepti
623 1978 835 2030 successum
857 1951 1021 2030 nraxirnc
1043 1952 1223 2028 intererat
1239 1955 1282 2027 ut
1299 1951 1475 2052 priorum

324 2083 596 2163 discordiarum
622 2087 704 2189 ipsa
728 2087 910 2164 memoria
934 2085 1130 2164 tolleretur
1156 2087 1255 2188 apud
1283 2085 1474 2164 Christia-

324 2243 405 2306 nos,
433 2243 593 2328 quorum
619 2221 727 2298 alteri
754 2221 897 2298 scilicet
922 2222 1042 2310 Petri,
1075 2221 1184 2298 alteri
1204 2221 1328 2298 ‘Pauli
1351 2220 1472 2298 tradi-

323 2352 464 2430 tionem
492 2355 695 2432 admodum
726 2358 1014 2434 venerabantur.
1050 2359 1181 2458 Neque
1211 2349 1472 2458 hocaggredi

257 2473 267 2490 ’
324 2489 433 2566 veriti
452 2495 540 2568 sunt
557 2490 659 2568 illius
678 2492 815 2569 scholae
839 2492 963 2568 duces.
991 2491 1118 2578 Quum
1142 2493 1268 2592 itaque
1291 2491 1473 2568 haberen-

324 2629 387 2701 tur
417 2625 530 2701 Pauli
560 2625 727 2727 epistolae
752 2632 928 2727 quatuor,
956 2650 1032 2702 una
1058 2651 1190 2727 nempe
1215 2625 1262 2702 ad
1290 2623 1469 2710 Galatas,

323 2758 408 2834 duae
439 2760 486 2837 ad
517 2759 733 2838 Corinthios
763 2765 800 2836 et
830 2783 905 2836 una
934 2760 981 2836 ad
1014 2760 1206 2837 Romanos
1233 2763 1328 2860 (quae
1359 2758 1468 2847 solae,

324 2897 461 2995 praeter
482 2894 663 2995 quasdam
688 2895 801 2996 hujus
824 2893 968 3004 ultimae
990 2898 1128 2999 partes,
1150 2921 1196 2972 cx
1213 2895 1386 2971 omnibus
1405 2897 1472 2996 qui

324 3027 497 3106 seruntur
519 3029 626 3106 libris
653 3031 700 3106 N.
729 3030 772 3106 Τ.
795 3029 1023 3106 authenticae
1041 3030 1223 3106 habendae
1241 3030 1473 3126 sunt),alias

324 3169 405 3240 turn
423 3164 537 3241 Pauli
556 3169 592 3241 et
610 3165 715 3242 Petri
734 3190 778 3242 ao
794 3164 925 3240 lucebi
945 3163 1137 3265 epistolas
1161 3169 1242 3241 tum
1259 3163 1417 3240 doarinis
1436 3173 1476 3243 ct

324 3295 486 3374 aliorum
509 3298 716 3399 scripturas
745 3305 1023 3399 supposuerunt
1048 3323 1140 3400 quas
1166 3300 1355 3376 finxerunt
1376 3299 1474 3376 diui-

236 3431 238 3433 ’
325 3431 426 3509 nitus
451 3433 667 3537 inspiratas,
691 3439 734 3511 ut
755 3459 882 3510 omnes
907 3433 1066 3535 apostoli
1091 3434 1197 3510 illurn
1222 3435 1306 3510 fidei
1333 3436 1476 3513 l'onnu-

327 3565 404 3642 lam
435 3567 592 3669 professi
623 3573 660 3645 et
689 3569 864 3647 Christus
895 3593 979 3644 eam
1008 3568 1209 3644 tradidisse
1240 3568 1469 3648 viderentur.

328 3701 614 3803 Supposuerunt
630 3703 744 3779 ctiam
761 3702 938 3805 epistolas
953 3702 1091 3802 Ignatii
1106 3703 1330 3779 antiocheni
1348 3705 1474 3782 atalia

328 3865 412 3940 quae
429 3839 607 3916 dicuntur
624 3841 785 3917 Petrum
803 3837 1106 3940 Apostolicorum
1127 3862 1253 3939 opera.
1274 3839 1472 3939 Antiquio-

331 4003 415 4053 rum
433 3980 559 4054 autem
580 3977 827 4053 traditionum
850 3977 1093 4051 monumenta
1116 3972 1281 4050 studiose
1298 3999 1472 4075 suppres-

328 4115 472 4201 serunt,
492 4136 652 4214 quorum
671 4112 756 4188 inde
774 4110 880 4188 nulla
897 4111 942 4188 ad
962 4137 1029 4186 nos
1049 4114 1314 4212 pervenerunt,
1335 4116 1474 4210 praeter

327 4245 472 4322 libellos
501 4246 753 4349 petrinisticos
788 4245 1164 4324 Pseudo-Clementis
1195 4246 1258 4346 qui
1288 4250 1471 4340 Recopm'-

226 4361 228 4366 ’
326 4383 444 4458 b'oncs
470 4386 506 4458 ct
534 4385 772 4460 Clementiae
802 4383 979 4482 leguntur
1008 4381 1198 4482 inscripti;
1230 4382 1292 4456 uhi
1325 4380 1471 4458 Paulus
