3208 5150
484 1123 725 1208 CAPUT
766 1127 857 1210 IV.

386 1385 432 1440 llll
460 1387 588 1443 EXlTU
618 1385 962 1442 CONTROVERSIAE.

145 1855 179 1932 l.
202 1849 392 1939 Quisnam
413 1853 501 1924 tunc
523 1847 637 1924 fuerit
658 1847 923 1924 controversiae
944 1847 1067 1923 exitus
1089 1871 1162 1924 non
1185 1872 1241 1923 re-

101 1990 169 2064 fert
186 1987 396 2064 Eusnnius.
418 1983 489 2061 Sed
509 2007 592 2059 eam
612 1983 715 2059 brevi
736 1983 895 2085 sopitam
914 2007 994 2058 esse
1012 1985 1064 2080 (1),
1083 1986 1243 2084 utraque

99 2125 202 2222 ponte
225 2119 269 2195 in
293 2141 361 2192 sua
381 2116 647 2194 consuetudine
668 2121 942 2219 perseverante,
962 2115 1173 2218 colligimus
1194 2141 1240 2192 ex

100 2256 223 2332 verbis
242 2255 467 2330 Finnnmnn
483 2257 519 2352 (a)
538 2257 636 2330 etex
654 2253 700 2329 iis
718 2271 801 2355 quae
819 2278 879 2330 an.
897 2254 986 2330 circ.
1002 2260 1075 2331 276
1092 2254 1241 2357 scripsit

100 2393 326 2467 ilnnsonlns
344 2387 619 2464 Alexandrinus
638 2391 688 2486 (a).

143 2578 181 2660 2.
203 2578 392 2654 Videntur
413 2583 538 2654 tamen
559 2576 730 2678 quaedam
751 2576 884 2654 saltem
905 2578 1070 2654 ecclesiae
1091 2576 1241 2654 Asianae

100 2740 243 2794 morem
267 2739 376 2791 suum
397 2715 500 2790 cinca
521 2713 632 2789 finem
654 2713 768 2790 seculi
792 2713 850 2790 III
872 2715 1089 2793 immutasse
1108 2719 1145 2791 et
1164 2713 1241 2792 Ro-

101 2879 209 2930 mano
238 2852 330 2929 ritui
356 2877 395 2928 se
420 2850 729 2928 accommodasse.
761 2851 868 2938 Quod
894 2853 989 2928 forte
1009 2854 1091 2954 jam
1116 2850 1242 2952 colligi

101 2994 220 3092 potest
252 3013 298 3064 ex
328 2989 451 3065 verbis
481 2989 670 3064 Annconn
700 2987 789 3063 dum
819 2988 908 3064 ait:
941 3024 957 3054 a
987 3013 1103 3090 usque
1134 2987 1243 3063 hodie

101 3129 368 3202 celebrabant»
391 3128 441 3222 (4).
459 3123 530 3201 Sed
548 3129 585 3200 et
602 3124 738 3202 diserte
756 3124 849 3201 illud
867 3129 1027 3203 testatur
1045 3126 1242 3204 Consuan-

101 3283 211 3337 mnus
243 3259 341 3362 Imp.
375 3259 413 3335 in
444 3259 601 3362 epistola
630 3261 818 3363 encyclica
847 3262 894 3339 ad
924 3261 1099 3339 ecclesias
1130 3262 1245 3339 missa

102 3399 181 3494 post
202 3393 418 3472 Concilium
439 3395 650 3483 Niceenum,
671 3396 734 3471 ubi
756 3394 863 3471 illum
887 3395 1001 3472 ritum
1020 3421 1062 3472 eo
1079 3400 1245 3498 tempore

97 3553 166 3621 per
187 3529 384 3604 Asianum
407 3529 599 3604 dioecesim
622 3529 860 3606 observatum
884 3530 938 3606 ait
959 3533 1009 3629 (5).
1036 3531 1245 3618 Quominus

103 3665 227 3736 autem
250 3685 298 3736 ex
317 3661 441 3737 verbis
462 3661 701 3739 Constantini
721 3667 822 3740 cento
842 3665 1108 3742 concludamus
1129 3674 1247 3741 totam

103 3797 285 3875 Asianam
307 3797 496 3874 dioecesim
517 3798 564 3874 ab
586 3799 740 3900 antiqua
761 3823 830 3876 sua
851 3800 1049 3877 Paschatis
1073 3799 1246 3875 observa-

104 3934 200 4010 tione
219 3936 307 4036 Jam
328 3937 415 4010 ante
437 3932 648 4011 Concilium
673 3934 869 4010 Nicaenum
893 3933 1102 4021 recessisse,
1126 3934 1249 4009 obstat

106 4073 198 4171 quod
223 4069 358 4149 eodem
381 4069 461 4147 loco
485 4069 674 4152 indefinite
698 4071 845 4146 dicatur
868 4096 947 4148 mos
972 4070 1168 4146 Romanus
1193 4069 1247 4142 vi·

136 4319 164 4376 o)
175 4317 230 4371 co.
244 4329 336 4382 supra
348 4316 416 4382 cap:
427 4315 477 4368 111.
490 4319 524 4369 N.
538 4319 579 4369 23.
728 4289 841 4379 (mom.

136 4418 164 4484 (a)
176 4419 232 4471 Cic.
251 4429 342 4482 supra
360 4417 422 4480 Cap.
441 4414 489 4467 lll.
504 4417 564 4468 NN.
582 4417 607 4478 2,
619 4415 660 4466 23.
727 4415 756 4478 (s)
766 4413 837 4465 lbid.
850 4427 913 4478 pag.
928 4409 969 4464 11.

137 4521 165 4580 (a)
176 4517 227 4568 Cli.
242 4512 374 4580 Append.
390 4508 509 4575 pag-10·
