3208 5150
299 425 357 470 car.
380 425 418 471 nr.
441 425 534 470 ornan
556 423 652 470 nerea
674 425 787 472 rsnuos
808 388 1059 474 niconnonrcmn.
1207 419 1240 478 71

99 593 196 672 Tria
214 593 351 695 capita,
371 597 412 670 ut
428 591 589 678 videtur,
610 590 824 693 hujusmodi
848 597 1244 677 excommunicationis

97 751 224 828 genus
256 724 577 827 complectebatur,
611 724 751 803 scilicet
787 759 826 806 a.
853 726 950 804 Cum
988 729 1159 833 episcopo
1190 733 1243 808 sic

97 861 423 940 excommunicato
456 864 493 938 et
525 859 607 970 ejus
635 859 791 936 ecclesia
820 858 886 936 alii
918 861 1093 965 episcopi,
1126 889 1243 966 neque

98 997 270 1074 civiliter
301 1023 365 1100 per
396 995 622 1073 visitationis
653 995 777 1077 officia
806 1001 960 1097 accepta
993 997 1052 1072 vel
1084 999 1240 1088 reddita,

99 1157 226 1235 neque
242 1131 487 1209 ecclesiastice
513 1130 592 1206 sive
614 1153 680 1231 per
704 1129 849 1207 litteras
876 1131 1239 1222 communicatorias

98 1264 438 1372 communicabant.
467 1274 500 1339 b.
524 1263 659 1342 Clerici
686 1267 752 1340 aut
778 1263 903 1340 fideles
926 1267 973 1342 ab
997 1291 1039 1342 eo
1057 1292 1241 1345 commcn-

100 1399 178 1476 dati
199 1423 276 1475 non
289 1396 596 1499 suscipiebantur,
611 1421 730 1498 neque
747 1397 794 1472 ad
809 1421 878 1474 sua
895 1397 1019 1476 officia
1036 1402 1242 1480 exercenda

99 1531 408 1609 admittebantur.
437 1560 467 1608 c.
492 1529 722 1605 Privabatur
738 1530 824 1629 jure
848 1529 1022 1631 suffragii
1045 1537 1082 1608 et
1098 1558 1241 1610 conses-

97 1696 161 1746 sus
180 1669 224 1745 in
241 1666 430 1763 conciliis(
447 1670 469 1763 ).
492 1713 537 1722 -
556 1665 616 1742 llli
634 1670 759 1742 tamen
778 1666 816 1742 in
839 1667 1032 1746 ecclesiam
1050 1673 1239 1774 propriam

99 1804 309 1882 auctoritas
335 1827 404 1880 sua
421 1807 457 1879 et
481 1803 643 1904 dignitas
661 1807 698 1880 et
714 1829 800 1881 cum
826 1803 970 1882 clericis
997 1811 1034 1885 et
1050 1807 1159 1910 plebe
1172 1835 1240 1888 sua

99 1941 316 2022 communio
333 1940 480 2041 integra
497 1940 728 2018 servabatur.

147 2127 214 2212 la.
239 2137 279 2207 2⁰
307 2130 437 2206 Altera
461 2129 809 2219 excommunicatio,
836 2131 1144 2232 priorigravior,
1172 2133 1239 2212 illa

99 2273 181 2346 erat
208 2292 283 2369 qua
300 2263 462 2368 episcopi
487 2267 524 2340 et
546 2262 711 2340 ecclesiae
740 2267 910 2340 mutuam
940 2266 1237 2343 communionem

97 2401 381 2502 abrumpebant.
412 2398 511 2475 Dum
529 2395 669 2474 scilicet
686 2382 841 2474 ecclesia
858 2401 925 2474 aut
943 2397 1136 2499 episcopus
1154 2399 1234 2499 qui·
1315 2443 1317 2448 ·

97 2539 182 2614 dam
197 2538 237 2612 in
255 2535 409 2612 alterius
427 2531 590 2608 ecclesiae
604 2536 671 2608 aut
683 2530 844 2633 episcopi
863 2530 1033 2609 doctrina
1046 2530 1106 2606 vel
1124 2531 1232 2608 disci-

95 2674 197 2775 plina
224 2671 389 2777 perversi
412 2668 553 2770 aliquid
581 2694 619 2745 se
636 2667 846 2770 perspicere
871 2668 1125 2746 arbitrabatur
1148 2673 1184 2746 et
1201 2667 1232 2744 is

96 2812 261 2890 monitus
286 2835 359 2888 non
379 2808 648 2910 acquiescebat,
668 2831 691 2882 a
708 2805 968 2883 communione
986 2807 1065 2906 ejus
1083 2831 1122 2882 se
1146 2807 1231 2882 sub-

95 2948 307 3034 trahebant,
334 2944 501 3046 negando
523 2943 556 3019 ei
580 2941 725 3020 litteras
742 2943 1013 3020 communionis
1035 2942 1230 3020 autetiam

94 3079 211 3180 ipsius
235 3077 379 3156 litteras
404 3075 623 3178 respuendo,
644 3075 845 3176 itemquea
868 3100 1061 3153 sacrorum
1079 3076 1229 3179 partici-

95 3213 244 3312 patione
268 3209 475 3313 repellendo
499 3207 624 3285 fideles
642 3207 745 3284 illius
768 3208 947 3298 ecclesiae,
967 3211 1113 3288 tametsi
1132 3211 1228 3288 litte-

96 3347 143 3423 ris
167 3344 481 3424 commendatitiis
499 3343 557 3420 sui
575 3343 736 3445 episcopi
755 3343 929 3422 instructi
947 3350 1080 3424 essent.

143 3533 208 3617 20.
236 3536 366 3636 ltaque
383 3534 465 3610 haec
481 3532 815 3610 excommunicatio
835 3558 908 3610 non
926 3536 1007 3610 erat
1028 3534 1176 3636 proprie
1193 3539 1230 3611 et

96 3697 156 3771 per
176 3697 217 3748 se
235 3669 362 3770 aliqua
379 3691 536 3745 censura
551 3666 612 3742 vel
629 3691 740 3769 poena
757 3666 1019 3756 ecclesiastica,
1040 3694 1114 3770 qua
1131 3694 1228 3746 unus

97 3808 288 3910 episcopus
306 3805 375 3903 (vel
393 3804 559 3900 eeclesia)
574 3803 690 3880 aliurn
708 3807 888 3905 potestate
901 3803 1064 3880 clavium
1078 3804 1226 3904 ligaret,

50 3911 54 3918 Ι
98 3933 154 4017 sod
179 3967 286 4018 mera
307 3938 576 4015 communionis
602 3938 806 4016 subtractio
832 3965 896 4016 seu
918 3939 1124 4040 denegatio,
1145 3967 1228 4042 quae

101 4099 165 4152 non
182 4073 414 4176 supponebat
430 4071 547 4148 ullam
565 4072 603 4148 in
625 4073 838 4174 episcopum
856 4073 927 4172 (vel
945 4073 1150 4168 ecclesiam)
1167 4075 1228 4151 cui

125 4419 369 4480 l¹ldsr.llon1n1;s‚
384 4414 642 4469 Exercitor.Ecctes.
655 4417 702 4470 lib.
715 4416 752 4471 11.
766 4417 863 4470 Exere.
879 4419 907 4469 18
919 4419 947 4470 et
959 4417 997 4469 17.
