3132 5140
388 427 448 474 cru.
470 428 489 472 ι.
512 427 582 473 ucri
603 427 674 476 surr
698 427 808 476 rounr.
830 429 990 478 zrrurnn.
1197 416 1255 478 ltb'

151 597 194 682 7.
221 598 456 705 Hippolytus
484 604 611 678 autem
637 605 674 682 et
694 600 860 680 admittit
882 600 1080 680 veritatem
1104 627 1255 682 accusa-

83 737 222 815 tionis
252 735 474 814 Judaeorum
502 739 539 812 et
568 734 735 814 affirmat
764 733 964 812 Callistum
994 734 1031 811 id
1061 735 1180 838 egisse
1209 761 1255 814 ex

83 869 370 974 desperatione
397 867 571 970 quadam,
600 873 643 947 ut
664 859 790 946 'vitam
818 867 1009 970 abjiceret,
1033 867 1143 970 idque
1167 893 1254 946 cum

82 1004 221 1082 laude
238 1002 425 1106 martyrii.
446 1003 605 1092 Verum,
625 1002 723 1106 quod
742 1004 885 1106 spectat
901 1000 948 1079 ad
966 1001 1064 1082 hanc
1081 1001 1260 1082 intentio·v

84 1163 191 1216 nem
222 1136 387 1226 Callisti,
413 1137 598 1240 quomodo
622 1137 760 1215 iterum
784 1161 868 1214 eam
892 1135 1121 1240 Hippolytus
1146 1163 1256 1216 nosse

83 1271 257 1376 potuit?
287 1271 378 1360 Cur,
406 1272 437 1348 si
468 1295 552 1348 eam
582 1271 775 1349 habuisset
805 1269 1000 1359 Callistus,
1028 1294 1103 1347 non
1131 1271 1255 1374 potius

84 1406 280 1508 aliquam
297 1429 403 1482 aram
419 1403 605 1482 idolorum
622 1404 759 1483 evertit
775 1403 836 1482 vel
853 1403 957 1482 aliud
971 1403 1093 1484 simile
1109 1406 1256 1486 facinus

87 1539 314 1628 commisit,
332 1541 431 1642 quod
457 1543 493 1618 et
517 1541 637 1642 magis
661 1565 707 1618 ex
730 1539 808 1618 zelo
830 1539 1047 1619 christianae
1065 1540 1256 1644 religionis

87 1676 322 1782 profectum
355 1677 547 1754 videretur
581 1680 618 1788 et
646 1675 785 1754 certius
814 1673 1093 1753 damnationem
1122 1678 1256 1780 capitis

88 1809 291 1889 inferret?
306 1809 454 1888 Sciebat
469 1811 634 1916 profecto
649 1835 688 1886 se
701 1835 776 1887 non
789 1809 870 1886 ideo
888 1808 1022 1911 capitis
1036 1809 1255 1891 damnatum

89 1947 151 2023 iri
183 1943 284 2046 quod
309 1944 454 2048 aliquos
484 1944 666 2024 clamores
695 1945 871 2022 edidisset
900 1945 940 2020 in
969 1969 1162 2048 synagoga
1186 1949 1210 2027 J
1213 1975 1253 2026 u·

94 2080 298 2162 daeorum.

160 2257 206 2341 8.
223 2261 275 2336 At
296 2259 444 2338 facilem
462 2261 748 2364 explicationem
765 2258 869 2337 illius
887 2259 975 2336 facti
994 2231 1142 2339 Callisti
1161 2290 1255 2382 pree-

96 2400 172 2474 bet
207 2394 290 2497 ipsa
318 2396 484 2474 narratio
512 2394 721 2499 Hippolyti.
756 2395 946 2472 Nimirum
972 2395 1100 2472 statim
1129 2402 1254 2490 antea,

95 2532 207 2608 dum
220 2529 265 2606 de
283 2529 430 2609 Callisti
446 2525 711 2612 liberationee
736 2527 893 2631 pistrino
916 2526 1005 2628 egit,
1025 2527 1154 2607 retulit
1170 2556 1256 2608 eum

97 2663 257 2742 dixisse
289 2701 303 2728 u
337 2689 376 2740 se
405 2663 602 2767 pecuniam
632 2661 732 2765 apud
762 2661 942 2766 quosdam
972 2661 1161 2740 conditam
1189 2663 1256 2744 ha-

101 2837 123 2866 „
147 2799 244 2875 bere
263 2833 279 2863 n
301 2801 350 2897 (ι).
371 2799 447 2874 Vix
468 2799 553 2876 inde
581 2797 745 2876 dubitari
773 2800 895 2901 potest
915 2821 1002 2872 eum
1025 2823 1256 2902 synagogam

98 2936 127 3012 J
132 2933 337 3010 udaecrum
365 2932 502 3010 adiisse
531 2931 578 3010 ad
609 2931 827 3034 repetendas
861 2929 1038 3032 pecunias
1067 2956 1162 3034 quae.
1184 2933 1257 3038 ipsi

99 3067 344 3145 debebantur
361 3069 408 3144 ab
425 3066 612 3170 aliquibus
635 3091 779 3156 eorum,
799 3090 960 3170 quorum
982 3065 1080 3144 sorte
1101 3068 1257 3170 perfidia
1398 3097 1401 3104 ·

101 3203 361 3301 aurescens
377 3201 764 3279 fueritdissoluticnis
790 3201 871 3301 ejus
889 3201 1128 3300 argentariae,
1147 3227 1256 3302 quos-

101 3361 188 3441 que
207 3361 321 3436 quum
339 3336 379 3411 in
396 3361 526 3414 eorum
543 3335 713 3434 domibus
733 3333 932 3412 convenire
949 3358 1024 3410 non
1041 3339 1178 3435 posset,
1198 3361 1257 3412 co-

104 3494 201 3548 ram
226 3469 393 3571 ipsorum
418 3470 648 3573 principibus
678 3474 716 3546 et
742 3451 995 3546 sacerdotibus
1021 3467 1260 3571 interpellare

104 3605 305 3696 statuerit,
330 3607 361 3682 si
384 3605 479 3683 forte
502 3605 556 3683 ita
579 3630 641 3682 eos
664 3604 711 3681 ad
734 3601 979 3706 persolvenda
995 3600 1120 3678 debita
1136 3608 1261 3704 posset

104 3741 280 3842 adigere.
297 3742 320 3818 J
322 3741 420 3819 udeei
438 3745 566 3818 autem
583 3740 764 3816 miserum
778 3759 930 3814 servum
943 3733 1042 3813 male
1059 3733 1261 3814 mulctave-

107 3882 207 3956 runt
222 3883 273 3968 et,
293 3881 336 3955 ut
355 3877 450 3956 alias
472 3901 559 3953 cum
582 3873 798 3952 christianis
822 3873 965 3950 factum
981 3870 1155 3974 legimus,
1174 3895 1261 3948 eum

106 4016 325 4116 rapuerunt
337 4011 384 4089 ad
397 4008 563 4089 tribunal
576 4006 769 4096 Praefecti,
784 4030 894 4110 quem
908 4001 1149 4108 probabiliter
1162 4001 1260 4078 chri-

107 4153 239 4232 stiano
256 4151 399 4230 nomini
415 4150 603 4227 infensum
622 4148 818 4226 noverant.

143 4456 177 4518 (ι)
188 4445 318 4514 Append.
329 4459 392 4510 pag.
402 4436 436 4495 Η
448 4443 516 4494 med.
