3170 5134
510 460 569 506 cnr.
594 459 632 504 iv.
657 459 692 504 m
713 457 895 504 urcronrrus.
1215 443 1273 506 125

108 629 205 706 ullo
241 628 413 728 catalogo
448 625 537 704 Ra.
570 625 652 702 ΡΡ.
685 627 882 724 appareat,
919 622 980 700 sed
1016 648 1134 726 neque
1167 626 1273 704 initio
1311 580 1313 598 Ι

110 787 198 840 sec.
224 761 286 838 Ill
306 759 409 838 locus
431 758 488 835 illi
509 757 548 834 in
569 757 616 834 iis
638 754 885 856 relinquatur.
916 755 1021 834 Unde
1042 758 1273 840 solummodo

109 897 390 976 allaborarunt
410 893 484 970 viri
505 892 602 970 docti
627 890 871 992 excogitando
892 916 967 992 qua
990 892 1134 970 ratione
1157 895 1272 998 expli-

110 1041 261 1118 carent
278 1041 332 1114 tot
348 1035 560 1114 testimonia
574 1035 636 1112 ubi
655 1033 716 1110 bic
729 1033 862 1110 titulus
880 1033 951 1135 ipsi
969 1033 1160 1113 tribuitur.
1179 1037 1274 1116 Duae

79 1157 82 1162 ⁵
113 1172 188 1251 vel
222 1175 300 1248 tres
331 1169 531 1278 praecipuae
560 1168 752 1246 sententiae
778 1167 816 1244 in
844 1167 940 1244 banc
966 1193 1044 1245 rem
1074 1174 1275 1274 propositae

113 1309 220 1384 sunt
242 1307 293 1402 (r).
322 1349 367 1358 -
391 1301 562 1380 Primam
586 1327 632 1378 ex
657 1301 869 1379 Masurius
893 1302 1007 1380 refert
1030 1305 1198 1384 Lunrnn
1220 1311 1288 1406 (2).

114 1437 344 1520 Secundum
382 1460 495 1539 quam
534 1434 763 1538 Hippolytus
801 1471 817 1500 ιι
853 1460 938 1512 oum
973 1443 1069 1516 esset
1106 1443 1270 1541 gentium

120 1613 138 1640 .-
164 1573 368 1675 episcopus
392 1571 527 1649 Romae
550 1569 744 1646 ordinatus
766 1571 817 1666 (a),
842 1568 1016 1646 fueritin
1037 1573 1128 1650 urbe
1149 1575 1274 1654 Roma

119 1746 137 1771 π
163 1707 383 1809 episcopus,
416 1705 514 1782 unde
542 1704 753 1808 percrebuit
781 1704 975 1806 episcopus
1006 1705 1184 1786 Romae...
1218 1711 1273 1790 Eo

121 1881 138 1898 ·
164 1840 315 1918 scilicet
330 1843 499 1940 tempore
513 1837 690 1940 quoniam
704 1837 805 1915 Urbs
820 1837 1084 1916 innumerabili
1102 1841 1273 1945 frequen·

121 2017 139 2043 n
163 1979 227 2056 tia
249 1976 374 2079 populi
398 1975 567 2065 florebat,
590 1975 749 2078 indeque
772 1975 1073 2056 Christianorum
1096 2006 1274 2060 numerus

122 2155 140 2178 η
166 2113 381 2214 augebatur
404 2112 443 2187 in
466 2110 558 2200 dies,
583 2111 776 2214 pontifices
802 2111 966 2190 Romani
990 2113 1092 2191 viros
1115 2113 1269 2197 lectissi-

123 2287 141 2304 -
166 2272 256 2324 mos
288 2245 594 2348 doctissimosque
627 2246 744 2323 veluti
778 2246 967 2348 adjutores
1001 2248 1269 2346 adhibuerunt,

121 2427 140 2444 ··
166 2385 307 2489 quibus
326 2383 366 2460 in
383 2382 547 2460 ecclesiae
566 2383 891 2461 administratione
909 2386 1117 2474 uterentur,
1138 2411 1273 2490 eosque

123 2561 140 2579 ..
167 2521 213 2597 in
236 2519 492 2620 episcoporum
515 2519 636 2620 gradu
660 2543 741 2596 esse
762 2518 975 2597 voluerunt.
1000 2557 1015 2582 a
1043 2521 1092 2600 Et
1114 2523 1161 2600 ad
1185 2550 1271 2603 oon·

119 2655 333 2736 ciliandam
367 2653 463 2729 banc
496 2654 708 2757 opinionem
739 2679 824 2730 cum
859 2654 1082 2756 praecedenti
1112 2657 1157 2732 de
1186 2660 1272 2737 sede

119 2789 331 2872 Portuensi
354 2789 565 2892 Hippolyti,
589 2790 684 2866 forte
706 2789 864 2891 supponi
887 2791 1013 2892 posset
1033 2814 1119 2868 eum
1143 2797 1272 2895 postea

118 2949 261 3006 curam
278 2925 391 3026 hujus
408 2925 573 3003 ecclesiae
591 2926 797 3028 suscepisse
816 2928 865 3023 (r).

152 3210 188 3272 (r)
208 3208 323 3260 Omissis
342 3207 378 3260 iis
398 3209 443 3272 qui
468 3209 497 3260 id
516 3207 679 3274 simplicIter
712 3209 777 3272 quia
799 3221 833 3259 ea
856 3222 920 3272 pars
941 3210 1020 3261 extra
1040 3212 1116 3262 urbis
1137 3217 1272 3278 pomoeria

116 3315 251 3356 errorem
263 3301 421 3352 Graecorum
433 3302 536 3353 dicunt.
715 3301 828 3352 flumine
847 3301 960 3352 delinita
975 3303 1148 3364 censebatur,
1162 3307 1226 3368 sire,
1240 3309 1271 3359 ut

152 3392 188 3452 (a)
201 3389 275 3441 Diss.
286 3391 331 3441 cit.
343 3405 427 3456 supra
437 3391 511 3458 (pag.
524 3392 578 3444 116.
590 3393 646 3443 not.
657 3392 682 3454 2)
715 3393 821 3442 certum
837 3393 888 3452 est,
902 3391 1092 3444 Romanorum
1107 3397 1270 3460 pontificum

117 3496 185 3546 cap⁴
200 3480 221 3530 I.
236 3481 288 3532 art.
302 3493 328 3532 u.
713 3481 819 3546 insigni
837 3482 1020 3546 humanitate,
1039 3499 1093 3548 qua
1108 3489 1209 3550 prater
1224 3501 1269 3542 ec·

155 3575 189 3628 (ar
203 3568 258 3620 Otr.
270 3583 353 3634 supra
364 3570 398 3621 N.
412 3571 449 3622 19.
714 3568 805 3620 oleatae
833 3572 997 3622 ornamenta
1024 3571 1108 3622 etiam
1136 3575 1271 3629 nonnulla

153 3661 187 3722 (r)
210 3658 269 3710 Iruo
293 3659 434 3725 Magistris
463 3661 534 3712 mira
556 3659 604 3711 Illa
627 3673 681 3723 qua
714 3659 1271 3730 consecutisuntquaeadimperinmper·

119 3747 236 3801 excellit
253 3750 424 3811 conjectandi
436 3750 560 3812 audacia,
573 3749 607 3800 ad
620 3751 677 3814 opi·
712 3749 809 3811 tinent,
829 3749 915 3801 veluti
933 3749 1002 3801 illud
1020 3753 1062 3802 ost
1082 3753 1207 3817 capiendi
1224 3769 1270 3806 eo-

119 3839 238 3892 nioncm
251 3837 385 3904 Ruggieri
398 3854 459 3891 mox
471 3840 610 3891 eiiandam
622 3841 680 3890 heac
714 3853 774 3890 rum
787 3839 961 3890 haereditates
977 3840 1024 3903 qui
1043 3840 1173 3894 intestato
1189 3844 1267 3897 deca-

118 3929 250 3994 adjuugIt
263 3946 269 3979 :
285 3949 297 3971 a
310 3929 446 3989 Quoniam
458 3920 549 3994 itaque
562 3944 617 3981 non
629 3931 678 3980 du·
714 3929 818 3982 derant.
833 3929 935 3980 Extant
946 3941 979 3980 ea
990 3929 1025 3981 de
1037 3943 1066 3981 re
1078 3931 1169 3983 adhuc
1182 3933 1268 3997 diplo-

119 4022 680 4089 bItamns,quinIIIppontusIueritPor-
714 4025 788 4074 mata
813 4021 954 4074 Benedicti
982 4021 1057 4082 VIII,
1087 4037 1160 4076 anno
1192 4027 1269 4093 10193

119 4119 168 4166 tus
182 4112 301 4165 Romani
322 4114 477 4179 episcopus,
490 4113 559 4165 illud
573 4113 681 4165 facilius
713 4113 994 4172 IoannIsX1X‚anno
1004 4113 1268 4176 1028etLeonisIX,

122 4203 346 4268 Impetrabimus,
373 4203 554 4255 Portueusem
576 4203 682 4268 epIsco-
716 4204 762 4267 qui
773 4203 876 4254 Ioanni
892 4201 1038 4252 Portuensi
1054 4202 1179 4253 Antistiti
1191 4205 1267 4254 vetu-

121 4308 191 4361 pum
212 4292 374 4355 aliquandiu
392 4294 418 4343 in
436 4307 487 4344 sua
503 4293 614 4344 dioecesi
631 4307 680 4344 uu·
714 4294 862 4344 stissImam
880 4290 1003 4343 ecclesiae
1023 4303 1080 4340 suae
1097 4289 1268 4355 dispoliatam,

119 4395 248 4436 marasse
272 4382 412 4446 regionem
435 4382 681 4444 Transtiberinam,
715 4397 747 4435 ao
759 4383 896 4448 praecipue
905 4379 1038 4445 templum
1049 4379 1075 4430 S.
1089 4378 1268 4438 AdalbortIIn

118 4476 269 4539 ipsamque
290 4471 449 4524 Tiberinam
469 4473 603 4538 insulam,
624 4475 679 4526 sire
713 4470 1140 4529 TiberiuaIusuIar...attribuit...
1152 4469 1269 4534 Quando
