3208 5150
357 416 394 474 72
556 427 627 474 mss.
651 427 681 472 n.
703 425 739 470 on
759 424 897 471 conrnos.
920 423 999 470 cinca
1020 421 1171 468 antennor.
1188 422 1286 469 rasso.

356 591 645 669 subtrahebatur
657 589 919 666 auctoritatem
937 575 994 688 (ι)’;
1015 605 1242 689 quamquam
1260 587 1369 688 gravi
1389 586 1498 663 illum

357 726 543 803 afficiebat
563 721 787 802 contumelia
808 727 845 799 et
867 723 905 798 in
928 721 1176 824 suspicionem
1198 747 1387 824 perversae
1412 721 1497 796 doc-

357 860 466 936 trinae
487 858 547 935 vel
577 856 784 959 disciplinae
813 856 1031 934 adducebat.
1064 855 1241 931 Attamen
1267 855 1294 931 ii
1325 855 1391 957 qui
1422 853 1497 955 pri·

357 998 501 1077 matiali
525 998 650 1100 aliquo
668 999 755 1100 jure
779 997 818 1073 in
842 995 935 1074 alios
959 996 1149 1099 episcopos
1172 995 1400 1096 gaudebant,
1425 1019 1499 1070 non

358 1134 480 1211 solum
497 1138 669 1237 poterant
682 1135 735 1211 ita
751 1133 1049 1212 communionem
1063 1158 1170 1210 suam
1187 1131 1301 1220 alicui
1315 1133 1500 1232 denegare

359 1270 396 1344 et
412 1266 505 1345 alios
523 1267 754 1344 adhortando
768 1271 805 1344 et
818 1267 1005 1344 suadendo
1019 1268 1203 1344 adducere
1216 1268 1262 1344 ad
1282 1291 1365 1344 eam
1379 1267 1497 1343 eidem

360 1402 664 1492 subtrahendam,
680 1403 743 1479 sed
761 1407 797 1479 et
811 1402 1000 1505 episcopos
1015 1401 1084 1478 sibi
1103 1401 1287 1501 subjectos
1301 1399 1499 1502 prohibere

358 1535 514 1637 imperio
529 1562 574 1612 ne
587 1540 624 1613 ct
637 1536 707 1638 ipsi
720 1561 806 1612 cum
819 1559 861 1611 eo
875 1560 898 1612 a
911 1559 984 1636 quo
998 1559 1036 1610 so
1049 1535 1103 1611 ita
1115 1533 1391 1634 separavissent
1404 1555 1499 1608 com·

360 1671 606 1750 manicarent.
630 1673 684 1748 Ac
703 1671 857 1774 proinde
877 1671 1054 1748 Summus
1067 1667 1257 1756 Pontifex,
1277 1667 1341 1769 qui
1360 1667 1498 1768 prima-

361 1811 442 1884 tum
467 1808 506 1883 in
529 1807 725 1884 universas
743 1805 917 1884 ecclesias
942 1806 1187 1908 particulares
1209 1805 1334 1893 habet,
1354 1808 1499 1906 poterat

362 1945 432 2021 hac
457 1945 601 2022 ratione
623 1942 816 2021 ecclesiam
834 1941 894 2019 vel
912 1941 1125 2044 episcopum
1143 1939 1312 2041 quemvis
1330 1938 1498 2016 omnium

394 2212 424 2277 (ι)
437 2213 495 2265 lmo
507 2214 654 2279 aliqnando
671 2215 731 2280 ipsa
742 2213 819 2279 plebs
832 2213 910 2264 Chri·
944 2234 957 2256 a
970 2213 1193 2263 archimandritae
1203 2213 1230 2264 et
1240 2213 1401 2263 senatorum
1413 2209 1498 2269 multi,

362 2302 912 2368 slianavclolericiseseparebantacom-
946 2325 958 2346 -s
971 2300 1095 2354 verentes
1115 2315 1149 2354 ne
1165 2301 1276 2364 aliquod
1295 2301 1323 2351 in
1344 2301 1401 2353 ilde
1421 2299 1499 2351 dotri-

363 2391 492 2443 munione
504 2393 547 2443 sui
563 2393 691 2458 pastoria,
703 2391 745 2442 sel
761 2391 881 2456 episcopi
893 2406 909 2441 a
943 2413 955 2432 n
969 2393 1091 2442 mentum
1103 2391 1248 2454 accipiant,
1261 2405 1323 2441 cnm
1340 2392 1368 2440 et
1385 2389 1432 2439 ille
1443 2391 1470 2440 ct
1481 2388 1498 2436 ii

363 2494 413 2532 suo
426 2481 556 2544 Primate,
570 2483 616 2533 ubi
634 2484 686 2534 isa
701 2496 768 2533 sana
785 2481 911 2532 doctrina
945 2502 957 2524 n
971 2494 1065 2532 omnes
1079 2495 1249 2543 quossecum
1258 2479 1408 2530 Antiochia
1418 2479 1498 2528 disco·
1577 2489 1578 2492 ’

363 2568 405 2620 vel
417 2569 564 2635 disciplina
574 2573 703 2622 aberrare
716 2570 784 2634 ipsis
801 2571 909 2621 videba-
944 2592 956 2612 a
970 2571 1037 2621 dens
1053 2569 1217 2636 [Nestorius]
1234 2569 1356 2628 adduxit,
1375 2581 1498 2633 perversa

363 2657 529 2710 tnr.Sicde
547 2659 653 2710 CPania
674 2661 758 2710 refert
777 2658 910 2709 Cratinus
945 2659 1119 2722 ”praedicent
1142 2683 1154 2702 n
1180 2660 1226 2720 (P.
1257 2660 1288 2711 G.
1319 2665 1337 2708 t.
1363 2656 1497 2727 LXXVll.
1577 2679 1578 2682 =

364 2745 451 2810 Epist.
468 2748 494 2798 ll
509 2748 554 2807 (al.
567 2749 592 2812 9)
604 2749 637 2798 ad
652 2747 828 2798 Caelestinum
840 2747 866 2799 S.
877 2748 908 2798 P.
943 2763 969 2812 p.
983 2749 1033 2810 82).
1052 2749 1128 2800 Adeo
1141 2752 1232 2801 autem
1254 2751 1414 2812 frequenter
1430 2748 1498 2797 idem

365 2849 390 2886 n.
408 2837 433 2890 3.
454 2837 566 2888 exordia
583 2838 719 2888 haereseos
742 2837 912 2888 Nestorianae
945 2838 1060 2902 contigit
1072 2841 1103 2889 ut
1120 2841 1215 2890 octava
1227 2839 1353 2903 Synodus
1373 2840 1499 2890 OEcume-

363 2937 501 2990 exponens
523 2942 530 2976 ε
555 2949 567 2968 u
591 2927 659 2977 Erat
676 2926 912 2991 Constantinopoli
947 2927 1008 2978 nica
1019 2928 1076 2990 (seu
1087 2927 1240 2978 GPanalV.
1251 2940 1295 2977 an.
1306 2928 1364 2987 ato)
1380 2923 1498 2977 animad-

365 3036 377 3056 κ
391 3015 534 3079 episcopus
552 3015 663 3066 nomine
679 3015 844 3078 Dorotheus,
865 3028 910 3065 ea·
944 3017 1051 3066 vertens
1071 3014 1099 3064 id
1116 3029 1188 3079 saepe
1200 3015 1260 3065 sine
1277 3014 1404 3078 legitima
1422 3025 1501 3065 causa

366 3125 378 3145 ιι
391 3103 452 3154 dem
462 3119 521 3167 quae
531 3104 576 3155 ille
587 3102 750 3171 [Nestorius]
759 3104 910 3155 sentiens...
946 3105 1047 3155 lactum
1070 3118 1144 3165 esse,
1169 3103 1323 3168 hujusmodi
1352 3102 1499 3169 separatio-

364 3215 376 3236 ἰ
390 3194 417 3244 Is
430 3193 458 3244 in
469 3195 578 3259 publico
590 3196 734 3254 conventu,
747 3195 913 3246 reverendis·
948 3209 1010 3268 nem
1032 3196 1143 3246 omnino
1169 3197 1367 3260 prohibendam
1398 3195 1500 3247 duxerit

365 3304 377 3325 n
392 3282 462 3332 simo
485 3283 611 3336 Nestorio
635 3284 664 3335 in
686 3284 817 3335 cathedra
839 3285 909 3334 Con·
945 3285 1010 3335 Can.
1026 3286 1065 3336 10.
1084 3305 1096 3326 ι·
1112 3284 1211 3336 Nullus
1227 3285 1342 3338 clericus
1360 3289 1426 3338 ante
1442 3283 1499 3334 dili-

365 3396 378 3414 „
391 3373 638 3440 stautinopolitanae
651 3376 773 3428 ecclesiae
791 3377 912 3436 sedente,
948 3398 960 3419 a
973 3379 1085 3442 gentem
1101 3376 1331 3428 examinationem
1348 3379 1377 3427 et
1394 3374 1498 3442 synodi-

365 3476 518 3527 nsurgens,
548 3479 648 3530 magna
672 3479 736 3516 voce
764 3464 914 3516 inclamare

366 3572 378 3594 n
391 3565 474 3603 ausus
486 3555 528 3604 est
541 3570 547 3604 :
561 3554 588 3606 Si
601 3554 662 3618 quia
679 3556 795 3607 Mariam
812 3556 910 3620 Deipa·

366 3663 378 3684 ιι
393 3656 451 3691 ram
471 3643 579 3704 dixerit,
603 3647 750 3697 anathema
772 3645 816 3695 sit.
837 3645 915 3696 Tunc

366 3749 378 3770 a
392 3728 489 3794 ingens
509 3732 628 3782 universi
651 3732 745 3797 populi
765 3733 869 3783 clamor
888 3735 914 3784 et

368 3845 380 3865 a
394 3822 526 3874 discessio
534 3828 689 3902 ⁸consecuta
711 3827 762 3877 est.
782 3823 916 3875 moueant

367 3933 379 3952 a
392 3916 464 3962 enim
483 3928 545 3963 crim
562 3918 595 3965 ie's
614 3917 733 3977 amplius
751 3917 913 3965 construetio-

367 4021 379 4042 υ
393 4003 558 4052 ηεηιὴαῠενε
569 4005 615 4066 qni
624 4002 691 4054 talia
701 4004 916 4066 sentirent‚adeo

367 4111 379 4130 a
393 4091 422 4139 ut
434 4091 583 4142 etiamnum
601 4093 678 4157 plebs
690 4093 915 4157 Constantinopo-

367 4197 380 4218 η
393 4175 487 4239 litans,
500 4181 593 4242 paucis
611 4181 759 4232 levioribus
774 4183 801 4232 et
817 4181 862 4244 qui
874 4181 916 4232 illi

367 4287 380 4306 w
393 4266 541 4318 adulantur
561 4271 691 4334 exceptis,
712 4270 808 4335 synaxi
832 4271 915 4321 abati-

367 4379 379 4398 η
394 4358 465 4408 neat.
479 4357 531 4409 Sed
545 4373 632 4422 neque
641 4372 673 4411 eo
682 4360 848 4411 conveniunt
860 4374 917 4411 mo·

367 4448 513 4499 „narone
540 4461 610 4513 pene
644 4450 737 4501 omnia
768 4463 918 4513 eorumque

949 3489 961 3508 a
975 3480 1035 3517 eam
1043 3467 1205 3518 sententiam
1217 3469 1436 3518 acommunione
1447 3477 1500 3529 pro·

950 3579 961 3600 a
976 3556 1029 3620 prii
1052 3557 1223 3608 Patriarchaa
1245 3571 1274 3608 se
1297 3559 1422 3620 separet,
1442 3555 1501 3604 licet

950 3668 962 3686 a
976 3645 1147 3696 criminalem
1160 3645 1309 3708 quamlibet
1323 3633 1435 3697 causam
1446 3645 1500 3706 ejus

949 3755 961 3776 a
975 3747 1005 3782 se
1025 3745 1105 3785 nosse
1125 3735 1303 3797 praetendat:
1326 3748 1376 3784 nec
1399 3736 1498 3785 recuset

951 3848 963 3868 a
977 3839 1077 3877 nornen
1092 3826 1179 3890 ipsius
1202 3828 1305 3877 reterre
1327 3827 1399 3878 inter
1415 3825 1499 3875 divina

949 3937 961 3957 n
976 3915 1115 3980 mysteria.
1134 3915 1210 3966 idern
1229 3916 1375 3966 statuimus
1398 3917 1430 3965 de
1447 3910 1497 3974 rpi-

952 4027 964 4048 n
977 4005 1068 4069 scopis
1091 4019 1156 4070 erga
1171 4005 1298 4070 proprios
1316 4003 1498 4068 Metropolitas

951 4115 962 4136 a
976 4097 1003 4144 ct
1023 4095 1057 4146 de
1076 4093 1259 4159 Metropolitis
1279 4096 1352 4146 circa
1382 4091 1496 4145 Patriar·

951 4204 963 4223 κ
976 4183 1056 4234 cham
1072 4197 1161 4233 suum.
1176 4183 1228 4242 Qni
1244 4197 1307 4233 vcro
1325 4183 1421 4234 contra
1433 4181 1495 4231 lecc-

953 4294 964 4314 υ
978 4271 1023 4330 rit,
1036 4273 1070 4321 ab
1083 4271 1157 4322 omni
1168 4271 1330 4322 sacerdotali
1346 4268 1496 4336 operatione
1577 4303 1578 4334 3

952 4383 963 4404 n
977 4363 1004 4412 et
1015 4361 1119 4412 honore
1128 4359 1243 4411 decidet.
1258 4383 1270 4402 n
1577 4341 1578 4348 ἵ
