3180 5134
401 490 436 536 ns
456 489 592 538 norrsov.
615 487 696 536 orror
717 486 797 535 narr.
822 485 933 533 asnar.
1196 469 1230 528 tl

113 653 177 713 lunc
188 655 316 713 beneficii
329 657 454 728 gratiam
473 659 613 728 cepimus,
634 655 734 714 statim
753 654 916 725 Stephanus
934 651 1073 720 beneficio
1090 652 1120 710 at
1131 653 1228 724 gratia

112 755 188 826 digna
205 757 357 814 commisit.
373 759 470 828 Neque
483 759 560 814 enim
578 759 609 815 et
620 757 710 813 ludas
729 755 850 827 pertidia
863 769 917 812 sua
937 753 967 810 et
982 753 1229 824 proditioneque

112 853 241 911 scelerata
260 855 340 912 circa
358 855 539 912 salvatorem
560 855 697 926 operatus
715 853 770 921 est,
791 853 895 923 dignus
916 851 1009 908 videri
1030 851 1127 922 potest
1144 852 1228 921 quasi

111 962 216 1006 causam
236 951 379 1008 bonorum
400 953 550 1008 tantorum
568 953 629 1023 ipse
648 951 819 1022 praestiterit
840 949 873 1007 ut
885 964 938 1021 per
950 948 1034 1005 illum
1053 949 1178 1006 mundus
1196 949 1226 1006 et

109 1048 225 1116 gentium
238 1050 363 1121 populus
375 1052 508 1120 passione
521 1051 633 1107 Domini
646 1049 833 1108 liberaretur.
1255 1077 1272 1118 0

139 1169 162 1222 3.
177 1193 189 1216 n
203 1169 257 1226 Sed
269 1170 334 1226 lraec
352 1171 469 1227 interim
488 1186 554 1242 quse
566 1173 602 1228 ab
615 1171 760 1243 Stephano
771 1172 856 1243 gesta
869 1172 937 1230 sunt
950 1172 1177 1243 pratereantnr3
1191 1185 1227 1228 ne

108 1263 167 1320 dum
184 1267 313 1324 audaciae
331 1268 361 1324 et
372 1268 534 1325 insolentia
545 1270 610 1340 eJ'us
622 1269 818 1336 meminimus,
833 1269 869 1326 de
882 1270 969 1326 rebus
986 1268 1023 1324 ab
1043 1283 1077 1324 ec
1095 1269 1226 1341 improbe

106 1366 185 1433 gestis
197 1367 359 1438 longiorem
377 1368 544 1426 mestitiam
561 1370 643 1425 nobis
662 1370 830 1426 inieramus.
846 1373 885 1426 De
906 1369 988 1426 vobis
1007 1369 1105 1426 sutem
1123 1383 1226 1440 cogno

104 1463 208 1519 scentes
220 1464 297 1534 quod
312 1465 471 1521 secundum
484 1467 617 1536 regulam
629 1467 762 1523 veritatis
776 1467 806 1523 et
818 1467 990 1539 sapientiam
1005 1467 1111 1524 Christi
1123 1468 1178 1524 hoc
1191 1467 1226 1524 de

103 1576 154 1630 quo
166 1579 240 1620 nunc
252 1565 397 1633 quaeritur
415 1565 626 1635 disposueritis,
644 1580 711 1622 cum
729 1579 836 1636 magna
851 1565 958 1621 laetitia
969 1565 1181 1622 exsultavimus
1199 1567 1229 1622 et

103 1661 155 1715 Deo
167 1663 275 1732 gratias
288 1662 411 1732 egimus,
425 1664 493 1733 quia
506 1665 669 1721 invenimus
682 1666 712 1720 in
725 1665 865 1721 iratribus
879 1666 941 1721 tam
954 1665 1039 1736 longe
1051 1665 1153 1736 positis
1166 1665 1228 1721 tan·

102 1757 157 1814 tam
166 1761 315 1818 nobiscum
326 1760 392 1817 fidei
405 1762 435 1819 et
447 1763 580 1820 veritatis
593 1764 814 1822 unanimitatem
819 1806 872 1823 .....

136 1984 160 2040 s.
172 2009 185 2034 n
196 1987 253 2042 Eos
263 1985 363 2042 antem
373 1987 423 2056 qui
432 1988 531 2044 Romae
542 1989 610 2046 sunt
623 2003 680 2044 non
690 2003 724 2044 ea
734 1989 764 2045 in
774 1987 907 2044 omnibus
922 1987 1079 2046 observare
1091 2003 1156 2059 quaa
1166 1991 1225 2048 sint

102 2078 137 2132 ab
153 2082 263 2152 origine
284 2081 394 2139 tradita
413 2084 442 2140 et
453 2084 573 2141 'trustra
594 2085 794 2156 apostolorum
816 2083 1022 2140 auctoritatem
1044 2085 1225 2155 praetendere

102 2177 172 2233 scire
190 2182 254 2249 quis
274 2179 363 2236 etiam
383 2181 449 2238 inde
468 2183 564 2253 potest
582 2183 659 2253 quod
677 2183 756 2239 circa
774 2182 962 2239 celebrandos
981 2182 1042 2238 dies
1059 2185 1178 2240 Paschae
1196 2187 1226 2242 et

101 2272 175 2330 circs
190 2278 284 2334 multa
301 2278 360 2333 alia
375 2279 481 2336 divinae
497 2283 541 2337 rei
554 2285 739 2338 sacramenta
752 2281 851 2338 videat
867 2297 930 2338 esse
943 2281 1018 2351 apud
1032 2283 1097 2340 illos
1113 2284 1225 2354 aliquas

100 2374 291 2448 diversitates,
312 2397 365 2439 nec
387 2384 537 2440 observari
560 2385 619 2440 illic
638 2386 736 2441 omnia
760 2384 995 2454 aequaliterque
1017 2386 1224 2457 Hierosolymis

100 2473 300 2547 observantur,
327 2483 485 2538 secundum
504 2483 581 2552 quod
605 2483 634 2538 in
654 2483 759 2539 ceteris
778 2497 892 2553 quoque
915 2481 1047 2551 plurimis
1068 2486 1224 2554 provinciis

101 2575 189 2633 multa
213 2594 266 2648 pro
286 2580 418 2637 locorum
444 2582 474 2638 et
499 2584 651 2638 nominum
677 2582 847 2638 diversitate
872 2581 1034 2650 variantur,
1049 2597 1102 2638 nec
1126 2583 1224 2639 tamen

98 2673 276 2741 propterhoc
286 2676 322 2731 ab
335 2677 464 2734 ecclesiae
477 2679 629 2736 catholicae
642 2693 713 2749 pace
727 2679 816 2749 atque
829 2679 943 2735 unitate
953 2679 1107 2748 aliquando
1117 2681 1223 2737 disces·

98 2778 159 2822 sum
178 2771 232 2826 est.
252 2772 333 2836 Quod
347 2788 424 2830 nunc
444 2775 607 2844 Stephanus
622 2789 712 2831 ausus
730 2776 774 2832 est
790 2777 897 2844 iacere,
916 2790 1054 2846 rumpens
1067 2777 1223 2833 adversum

98 2875 146 2920 vos
159 2881 270 2936 pacem,
283 2882 370 2938 quam
385 2885 499 2942 semper
511 2872 711 2929 antecessores
725 2873 788 2943 ejus
802 2873 951 2930 vobiscum
965 2887 1065 2928 amore
1074 2874 1104 2930 et
1113 2873 1223 2931 honoro

98 2965 194 3019 mutuo
207 2965 418 3036 custodierunt,
432 2969 527 3026 adhuc
541 2971 629 3026 etiam
642 2971 786 3027 infamans
804 2973 925 3028 Petrum
938 2969 968 3026 et
983 2970 1107 3025 Paulum
1124 2970 1223 3028 beatos

97 3061 249 3132 apostolos,
271 3066 353 3133 quasi
372 3065 428 3122 hcc
447 3067 502 3136 ipsi
521 3067 706 3134 tradiderint,
727 3067 776 3137 qui
795 3068 825 3121 in
844 3066 973 3136 epistolis
990 3066 1051 3122 suis
1070 3065 1224 3124 haereticos

97 3162 221 3218 execrati
239 3164 354 3220 suntet
372 3157 373 3160 ’
389 3164 403 3221 t
419 3179 469 3222 eos
486 3165 631 3223 evitemus
647 3165 837 3223 monuerunt.
856 3164 938 3220 Unde
952 3164 1074 3234 apparet
1092 3163 1223 3220 traditio-

97 3271 158 3316 nem
177 3262 253 3319 hanc
273 3263 431 3319 humanam
450 3279 513 3320 osse
533 3279 598 3335 quae
619 3265 774 3321 haereticos
797 3263 902 3320 asserit
920 3262 950 3318 et
968 3261 1127 3332 baptisma,
1147 3262 1222 3332 quod

97 3367 149 3410 uon
164 3359 219 3415 nisi
232 3360 323 3418 solius
336 3362 467 3418 ecclesiae
480 3361 535 3427 est,
549 3377 599 3419 eos
612 3362 720 3418 habere
732 3359 869 3417 defendit.

128 3481 153 3534 7.
168 3505 181 3527 π
195 3480 248 3536 Sed
260 3480 290 3537 et
299 3480 335 3537 ad
347 3482 426 3537 illam
436 3481 551 3552 partem
561 3483 633 3540 bene
643 3499 661 3539 a
671 3483 755 3539 vobis
764 3496 937 3553 responsum
947 3479 993 3536 est
1003 3479 1051 3535 ubi
1062 3479 1223 3550 Stephanus

95 3570 121 3626 in
134 3577 256 3645 epistola
269 3593 322 3635 sua
335 3578 410 3635 dixit
423 3579 578 3637 haereticos
591 3595 705 3650 quoque
718 3581 796 3650 ipsos
809 3579 839 3636 in
852 3578 995 3648 baptismo
1014 3578 1179 3643 convenire,
1194 3577 1223 3633 et

95 3671 165 3734 quod
188 3673 365 3731 alterutrum
383 3677 420 3732 ad
440 3691 471 3732 se
495 3678 645 3734 venientes
671 3692 729 3733 non
752 3676 909 3747 baptizent,
936 3673 986 3730 sed
1009 3673 1224 3730 communicent

94 3761 214 3838 tantum,
229 3773 311 3840 quasi
324 3773 354 3828 et
368 3788 420 3830 nos
433 3773 488 3830 hoc
503 3775 599 3831 iacere
612 3774 816 3831 debeamus...
833 3771 980 3838 Haeretici,
1000 3771 1024 3826 si
1041 3783 1072 3826 se
1084 3769 1121 3825 ab
1133 3769 1224 3827 eccle·

95 3861 134 3916 sia
147 3867 195 3923 Dei
208 3867 358 3936 sciderint,
373 3871 444 3926 nihil
463 3870 570 3928 habere
589 3871 744 3942 potestatis
764 3872 816 3927 aut
835 3870 937 3941 gratiae
957 3865 1087 3937 possunt,
1109 3866 1224 3934 quando

94 3965 182 4020 omnis
192 3967 322 4036 potestas
335 3967 364 4024 et
377 3970 473 4038 gratis
485 3971 514 4026 in
527 3971 651 4027 ecclesia
664 3971 825 4027 constituta
838 3970 888 4036 sit,
902 3967 950 4022 ubi
964 3962 1121 4034 praesident
1134 3964 1224 4033 majo·

94 4067 137 4112 res
147 4062 228 4131 natu,
240 4065 289 4133 qui
303 4065 332 4120 et
342 4065 503 4136 baptizandi
514 4069 544 4125 et
557 4083 675 4126 manum
689 4067 856 4139 imponendi
869 4067 900 4122 et
910 4061 1062 4120 ordinandi
1075 4061 1224 4130 possident

94 4155 274 4219 potestatem.
291 4163 434 4221 Haeretico
448 4168 526 4222 enim
542 4167 617 4224 sicut
627 4167 764 4223 ordinare
781 4181 838 4222 non
852 4163 922 4220 licet
935 4175 986 4217 nec
1000 4171 1119 4213 manum
1132 4158 1224 4229 impo-

95 4263 169 4325 nere,
184 4260 227 4316 ita
239 4274 294 4316 nec
310 4260 466 4332 baptizare,
482 4280 535 4320 nec
547 4265 706 4335 quidquam
718 4266 819 4322 sancte
835 4277 888 4318 nec
904 4256 1095 4330 spiritualiter
1109 4270 1223 4326 gerere,

96 4357 205 4419 quando
226 4359 340 4416 ahenos
357 4362 396 4418 sit
413 4377 432 4418 a
448 4363 592 4433 spirituaii
610 4366 640 4420 et
658 4363 762 4420 deifica
778 4358 942 4420 sanctitate.
962 4353 1154 4428 Quodtotum
1171 4377 1224 4420 nos

92 4447 266 4527 iampridem
282 4463 312 4516 in
326 4463 431 4532 loonio,
445 4465 495 4532 qui
512 4463 648 4534 Phrygiae
664 4463 746 4520 locus
758 4461 813 4531 est,
828 4459 942 4518 collecti
958 4458 987 4512 in
1004 4469 1105 4522 unum,
1119 4473 1223 4517 convc-
