3154 5134
345 447 404 507 290
731 461 801 509 mss.
825 461 861 507 vr.
888 463 922 508 oe
943 461 1113 510 oerrmnooe

345 625 550 702 secundum
569 625 844 704 accusationem
858 628 1037 704 adversus
1055 628 1179 728 ipsum
1191 627 1391 729 prolatam,
1405 631 1472 703 erat

347 760 555 863 Dionysius
574 759 852 839 Alexandrinus
870 765 920 861 (il.

402 938 512 1020 11.2ο
531 940 602 1018 Sed
620 940 689 1018 etsi
704 939 815 1018 detur
835 941 994 1018 Marano
1013 945 1180 1043 tempore
1201 939 1477 1044 Synodi'lintio-

347 1075 477 1152 chenae
495 1079 568 1175 (an.
589 1076 671 1172 269)
689 1099 817 1152 vocem
834 1085 975 1166 δμοούσιος
992 1075 1031 1151 in
1050 1100 1220 1152 sermone
1240 1074 1479 1153 ecclesiastico

348 1201 595 1287 communiter
625 1209 740 1286 fuisse
766 1215 965 1312 receptam,
993 1211 1080 1287 inde
1105 1209 1228 1287 valide
1254 1214 1388 1288 contra
1411 1211 1480 1311 ejus

348 1345 569 1423 sententiam
587 1347 794 1448 retorqueri
811 1351 935 1449 posset
952 1352 1228 1448 argumentum.
1247 1348 1349 1423 Nam
1362 1347 1408 1423 ab
1421 1345 1480 1420 hoc

347 1483 513 1581 tempore
530 1505 647 1581 usque
668 1480 715 1556 ad
740 1480 950 1559 Concilium
972 1481 1170 1558 Nicaenum
1193 1502 1428 1581 nequaquam
1443 1501 1480 1552 ea

348 1638 422 1689 vox
445 1614 484 1690 in
510 1639 581 1690 usu
606 1614 690 1690 luit.
719 1615 821 1714 Ergo
847 1619 946 1692 recte
970 1613 1140 1691 concludi
1167 1638 1274 1715 posse
1298 1613 1481 1689 videretur

348 1771 431 1824 eam
448 1748 495 1824 ab
513 1747 586 1824 ista
603 1747 753 1849 Synodo
775 1748 890 1824 fuisse
910 1749 1158 1851 reprobatam.
1180 1794 1227 1804 -
1245 1747 1345 1826 Illud
1365 1751 1478 1824 autem

348 1881 446 1983 quod
470 1882 579 1958 modo
599 1881 776 1971 diximus,
805 1883 945 1959 scilicet
966 1908 989 1960 a
1009 1887 1176 1984 tempore
1196 1881 1339 1982 Synodi
1358 1879 1479 1956 Antio·

347 2014 476 2092 chenae
490 2015 527 2092 II
542 2019 613 2115 (an.
630 2019 713 2114 269)
728 2015 904 2117 usquead
919 2015 1130 2094 Concilium
1148 2015 1348 2091 Nicaenum
1361 2036 1480 2090 vocem

347 2161 485 2240 iporiam
509 2176 583 2227 non
607 2150 723 2227 fuisse
750 2176 821 2227 usu
851 2155 1051 2252 receptam,
1079 2148 1269 2249 colligitur
1294 2179 1334 2228 a.
1362 2149 1420 2224 Ex
1443 2170 1479 2221 eo

347 2286 444 2388 quod
474 2284 704 2362 Athanasius
734 2285 773 2361 in
800 2285 956 2387 epistola
982 2287 1027 2362 de
1053 2285 1209 2361 decretis
1238 2263 1406 2361 Nicaenis
1430 2285 1478 2378 l),

348 2421 576 2523 antiquiores
606 2418 690 2497 illos
725 2445 919 2496 recensens
948 2445 972 2497 a
1001 2421 1135 2522 quibus
1169 2421 1303 2496 Patres
1341 2413 1480 2494 Nicaeni

345 2580 474 2632 vocem
496 2564 634 2646 imolam
657 2553 881 2656 acceperint,
906 2553 1029 2631 nullos
1053 2553 1203 2630 omnino
1225 2553 1344 2629 citare
1367 2548 1481 2654 potuit

345 2667 435 2791 post·
446 2691 668 2794 Dionysium
688 2691 1000 2782 Alexandrinum,
1022 2693 1084 2795 qui
1108 2693 1205 2769 hanc
1228 2715 1361 2768 vocem
1378 2711 1479 2765 usur-

345 2828 508 2924 passent.

391 2983 424 3050 d.
454 2971 513 3046 Ex
542 2995 584 3046 eo
614 2970 713 3070 quod
747 2969 787 3046 in
821 2971 988 3048 Concilio
1024 2972 1192 3060 Nioaeno,
1228 2970 1292 3046 ubi
1313 2973 1480 3072 ‘egerunt

283 3189 286 3198 ,
343 3104 477 3180 Patres
495 3103 540 3179 de
557 3103 744 3180 condendo
767 3103 913 3181 decreto
934 3105 1032 3195 fidei,
1057 3131 1131 3182 vox
1151 3115 1291 3196 ὁμοσύσιος
1311 3129 1388 3182 non
1412 3108 1478 3180 sta·

342 3237 410 3314 tim
438 3239 628 3340 proposita
656 3244 712 3316 est
740 3244 933 3343 tamquam
963 3243 1124 3320 formula
1154 3244 1200 3320 ad
1231 3242 1479 3321 definiendum

374 3487 403 3548 (ι)
415 3485 450 3536 lit
466 3485 549 3536 eiiam
566 3487 628 3550 poet
639 3484 791 3537 Concilium
806 3487 893 3538 Nioae·
928 3511 940 3530 ··
953 3489 1098 3541 admittere
1113 3491 1251 3550 recusant,
1264 3492 1429 3543 sententiam
1441 3489 1477 3552 ip·

341 3589 406 3626 num
427 3587 481 3626 non
500 3575 568 3627 adeo
584 3567 717 3627 sollicitos
737 3578 820 3629 fuisse
843 3579 894 3629 Pa·
928 3602 940 3622 w
953 3593 1012 3630 sam
1033 3581 1178 3631 admittant
1195 3595 1276 3643 quam
1293 3581 1421 3647 synodus
1437 3580 1477 3629 his

340 3662 396 3711 tras
424 3661 454 3709 ut
481 3671 532 3709 vox
560 3647 688 3724 ὁμοσύσὶσς
714 3661 892 3713 adhiberetur
927 3663 1224 3727 ”indicaremluitet
1240 3666 1340 3728 quibus
1357 3667 1477 3717 illaana-

339 3759 422 3808 quam
438 3746 469 3794 ut
486 3743 676 3795 admitteretur
690 3744 751 3809 ipsa
766 3745 891 3798 doctrina
925 3771 937 3791 n
951 3749 1044 3799 thema
1064 3749 1145 3810 dixit,
1167 3750 1220 3814 ipsi
1240 3751 1370 3802 similiter
1390 3749 1478 3801 dicunt

339 3835 372 3885 de
382 3831 755 3908 consubstantialitaieVerbi
765 3849 827 3884 cum
837 3835 888 3886 Pa·
926 3858 938 3878 n
951 3838 1107 3898 anathema,
1120 3852 1152 3888 ao
1163 3839 1197 3889 de
1208 3841 1316 3901 caetero,
1327 3841 1353 3889 si
1364 3838 1476 3904 possint,

338 3925 389 3983 tre,
413 3921 540 3973 concludi
561 3921 651 3984 potest
669 3934 702 3971 ex
721 3922 755 3971 iis
776 3937 836 3985 quae
856 3937 889 3974 ex
924 3948 936 3968 ιι
950 3939 1029 3974 voces
1046 3927 1119 3991 ipsus
1139 3928 1343 3992 reprehendant
1361 3953 1374 3970 ··
1393 3928 1433 3988 (P.
1446 3926 1475 3976 G.

337 4011 489 4064 Athanasio
504 4013 537 4060 de
553 4009 618 4072 syn.
633 4023 659 4060 n.
672 4012 703 4061 ll
720 4014 748 4062 et
763 4025 795 4062 ex
813 4013 888 4064 Hila-
923 4017 942 4064 t.
960 4014 1044 4066 XXV.
1065 4030 1091 4079 p.
1109 4017 1174 4080 454).
1194 4045 1225 4053 —
1241 4015 1382 4067 Disertius
1398 4015 1476 4066 etiam

338 4101 379 4152 rio
390 4103 423 4150 de
437 4099 536 4162 Synod.
550 4112 596 4148 nn.
610 4099 651 4162 88,
663 4100 694 4150 91
711 4101 886 4152 recitavimus
923 4103 1107 4169 Hieronymus
1119 4105 1193 4156 Dial.
1212 4107 1273 4156 adr.
1286 4104 1476 4168 Lucifer-tanos

336 4203 421 4256 supra
436 4190 507 4254 (pag.
521 4190 576 4239 277.
599 4191 656 4240 not.
672 4191 694 4254 i)
718 4192 745 4240 et
768 4193 838 4243 sorte
856 4207 889 4244 ex
923 4208 949 4243 n.
966 4195 1014 4244 18:
1030 4215 1042 4235 a
1056 4196 1118 4246 Nou
1134 4197 1194 4247 eru
1210 4211 1283 4247 curae
1296 4197 1434 4262 episcopis
1446 4195 1476 4245 de

336 4281 432 4333 eodem
453 4280 605 4330 Athanasio
627 4278 668 4329 De
689 4281 800 4332 decretis
820 4281 883 4333 Nic.
921 4283 1092 4345 avocabqu,
1120 4300 1204 4349 quum
1232 4299 1329 4338 sensus
1354 4289 1428 4339 esset
1449 4286 1475 4335 in

335 4369 400 4433 Syn.
415 4382 443 4420 n.
456 4369 500 4433 213
518 4367 583 4417 ubi:
599 4389 611 4410 u
624 4368 720 4433 Itaque
739 4371 796 4435 tait)
808 4371 832 4422 ei
845 4371 886 4422 illi
921 4395 933 4414 ω
947 4374 1006 4425 tuto
1021 4396 1032 4416 κ
1048 4375 1089 4435 (Ρ.
1103 4374 1134 4426 L.
1149 4377 1168 4426 t.
1184 4375 1286 4428 XXIII.
1302 4390 1329 4439 p.
1344 4378 1412 4436 171).

336 4479 349 4502 ι.
363 4458 447 4508 verba
462 4456 514 4506 ista
525 4455 600 4508 velut
616 4471 684 4510 nora
702 4473 733 4510 ac
745 4462 892 4527 peregrina
957 4463 986 4528 (a)
998 4463 1052 4514 cn.
1066 4479 1149 4530 supra
1160 4465 1193 4517 N.
1207 4468 1231 4517 9.
