3170 5134
334 412 394 491 'rut
574 447 643 493 mss.
668 450 708 493 ιιι.
731 449 767 494 on
789 449 915 496 ,ιισιοιιι
936 449 1237 496 ιιιιιοεοιιιοιιιιιιιιοιι.

334 615 537 712 tyrannum
566 614 734 714 graviter
762 616 995 716 objurgasse,
1022 619 1060 692 et
1085 613 1201 717 hujus
1227 617 1338 717 jussu
1367 641 1481 718 prope

335 745 494 823 Portum
525 748 741 826 Romanum
767 749 875 850 aquis
905 748 1105 826 immersus
1135 773 1230 838 esse,
1258 775 1302 826 uc
1332 749 1480 826 tandem

334 880 502 984 sepultus
532 881 596 959 via
626 882 825 960 Tiburtina
855 883 894 958 in
924 907 1016 984 egro
1047 883 1212 960 Verane.
1247 883 1356 960 Unde
1387 881 1481 959 nihil

334 1041 420 1092 cum
447 1017 672 1120 Hippolyte,
700 1019 745 1096 de
770 1045 843 1121 quo
870 1019 1120 1108 Prudentius,
1149 1019 1262 1097 hebet
1287 1045 1481 1097 commune

336 1157 474 1254 praeter
491 1152 616 1230 locum
635 1155 820 1256 passionis
837 1161 875 1232 et
891 1153 1096 1258 sepulturae
1118 1186 1125 1232 :
1147 1180 1259 1256 quem
1281 1160 1481 1255 utrumque

335 1312 408 1363 non
438 1279 577 1364 mirum
606 1293 662 1366 est
692 1291 738 1366 ab
767 1295 920 1366 auctore
950 1289 1087 1366 horum
1113 1291 1296 1366 Actorum
1326 1313 1480 1393 apocry-

336 1423 497 1525 phorum
531 1426 585 1503 itu
618 1428 852 1528 assignatum
887 1452 981 1515 esse,
1012 1453 1099 1503 cum
1133 1428 1315 1529 reperiret
1348 1428 1480 1507 Romae

335 1557 575 1636 traditionem
601 1559 646 1636 de
672 1560 879 1662 Hippolyto
904 1561 952 1638 ed
976 1561 1086 1639 Ostia
1110 1561 1288 1638 Tiberine
1313 1587 1420 1664 passo
1444 1567 1480 1638 ct

335 1691 400 1768 uie
418 1673 616 1770 Tiburtina
634 1693 779 1797 sepulto
797 1699 848 1792 (ι).

387 1857 452 1942 45·
474 1861 529 1937 De
552 1860 758 1964 Hippolyte
777 1862 937 1964 denique
956 1863 1173 1965 presbytero
1193 1862 1425 1938 Antiocheno
1443 1865 1478 1958 (el

335 1997 441 2074 nulla
466 2023 624 2100 usquam
651 1998 690 2074 in
716 1998 948 2076 documentis
978 1997 1168 2075 historicis
1195 1997 1356 2072 hahetur
1381 2019 1478 2071 men-

334 2131 386 2207 tio
412 2135 499 2209 onte
528 2132 711 2223 Adonem,
739 2134 811 2210 nisi
842 2133 939 2236 quod
965 2133 1005 2208 in
1031 2129 1316 2234 Martyrologiis
1348 2130 1478 2207 Hiere-

335 2266 530 2368 nymiano,
564 2269 700 2345 minori
732 2269 905 2346 Romano
935 2272 972 2345 et
1002 2267 1116 2346 Bedae
1145 2265 1393 2344 annuntietur
1421 2263 1479 2338 die

335 2406 384 2478 30
401 2403 424 2478 J
427 2425 487 2479 on.
508 2405 736 2492 Antiochiae,
750 2405 883 2502 passio
899 2410 936 2481 S.
954 2405 1154 2501 Hippolyti
1171 2407 1222 2500 (3),
1243 2428 1318 2478 non
1337 2401 1477 2502 adjecto

334 2543 460 2616 tamen
481 2538 592 2616 titulo
614 2541 834 2642 presbyteri.
860 2541 971 2617 Unde
992 2547 1027 2617 l⁰
1049 2565 1124 2617 non
1146 2537 1477 2641 improbuhihiliter

334 2675 494 2777 conjecit
516 2675 712 2778 Diillinger
733 2681 785 2775 (ι),
810 2676 1017 2780 Hippolyto
1039 2674 1095 2752 illi
1117 2674 1352 2751 Antiocheno
1374 2671 1476 2749 attri-

333 2811 463 2888 butam
480 2835 560 2888 esse
581 2811 676 2889 hano
698 2813 920 2914 dignitatem
938 2837 984 2888 ex
1001 2835 1116 2913 prave
1137 2806 1336 2885 intellectis
1356 2805 1475 2883 verbis

335 2946 556 3048 Hieronymi
576 2947 615 3023 in
640 2947 827 3026 Chronico
850 2951 899 3046 (5).
922 2948 1049 3037 Quum
1074 2945 1176 3022 enim
1195 2945 1265 3021 hoc
1283 2944 1365 3020 loco
1383 2941 1475 3046 posi-

365 3181 397 3246 (ι)
418 3181 506 3233 Ροιι·ο
525 3181 618 3245 ulique
636 3183 764 3248 cognatio
780 3184 886 3233 adverti
919 3185 1030 3246 quidam
1043 3195 1091 3232 seu
1102 3181 1184 3233 Sutor
1195 3193 1259 3231 cum
1272 3178 1329 3229 tilio
1342 3191 1393 3229 suo
1406 3177 1472 3228 Fun-

333 3275 423 3336 potest
445 3273 517 3324 inter
538 3273 627 3323 varias
649 3273 700 3323 hes
727 3272 890 3323 traditiones
923 3274 995 3324 atino
1016 3271 1143 3338 precibus
1163 3270 1190 3322 S.
1215 3267 1340 3328 Quiriaci
1362 3265 1474 3318 resusci-

333 3370 514 3434 apoeryphas.
548 3369 685 3418 Nimirum
711 3379 746 3419 a.
774 3368 889 3418 historio
921 3369 987 3418 teto.
1000 3379 1028 3418 c.
1039 3364 1304 3418 PraetereainActis
1317 3363 1345 3415 S.
1357 3363 1474 3414 Lauren·
1566 3443 1567 3446 Ἴ

334 3459 462 3524 supplicii
473 3459 615 3524 Hippolyti
625 3459 721 3510 militis
730 3460 796 3509 satis
807 3459 890 3510 moni·
924 3461 955 3509 tii
968 3461 1123 3510 reseruntur
1139 3457 1283 3522 Hippolyti
1295 3456 1367 3506 servi
1379 3451 1475 3520 sepulti

334 3549 402 3599 teste
414 3549 560 3611 desumpta
571 3548 613 3598 est
624 3561 657 3597 ex
670 3549 820 3599 traditione
833 3548 888 3598 Ro·
924 3549 952 3598 in
965 3548 1068 3612 praedio
1090 3548 1211 3612 Gyriocae
1223 3546 1311 3596 viduae
1330 3549 1431 3598 etcum
1446 3555 1475 3592 eo

334 3652 416 3689 manu
429 3652 483 3688 see.
498 3637 535 3688 lV
551 3637 627 3688 circa
639 3637 817 3703 Hippolytum
832 3640 888 3703 epi·
923 3652 1005 3703 passa
1014 3638 1169 3689 Concordia
1180 3639 1239 3700 eJus
1251 3637 1353 3686 nutrix.
1365 3637 1394 3686 in
1405 3633 1476 3687 Actis

334 3749 447 3800 scopum
460 3736 501 3786 vol
514 3736 713 3800 presbyterum.
726 3731 757 3784 b.
769 3734 801 3784 ln
813 3735 890 3785 Actis
923 3737 1015 3785 autem
1027 3734 1054 3784 S.
1068 3735 1166 3784 Aureae
1182 3733 1321 3792 tamquam
1340 3731 1396 3780 dux
1409 3741 1474 3780 mnr-

333 3825 360 3877 S.
375 3825 516 3877 Laurentii
526 3827 643 3876 retertur
658 3825 823 3890 Hippolytus
836 3826 886 3875 mi·
921 3827 1013 3890 tyrum
1031 3826 1146 3888 apparet
1163 3823 1190 3874 S.
1209 3823 1340 3887 Cyriacus
1353 3822 1395 3872 vel
1414 3819 1473 3880 Qui·

332 3913 383 3972 ies,
405 3915 498 3965 eustos
521 3913 673 3976 Laurentii,
697 3929 730 3964 ex
753 3914 889 3978 prodigiis
923 3914 1015 3964 riaetis
1031 3913 1176 3977 episcopus
1192 3915 1220 3964 et
1236 3913 1307 3962 inter
1323 3913 1383 3974 ejus
1404 3923 1473 3976 pres-

333 4015 394 4065 quae
403 4003 501 4053 edebat
511 4002 537 4053 S.
548 4003 652 4067 hiariyr
661 4003 794 4053 adrerum
804 4003 887 4052 tidem
922 4003 1031 4068 byteros
1044 4003 1203 4052 nominetur
1215 4001 1396 4052 concordius.

286 4085 288 4090 ’
333 4105 480 4142 conversus
498 4093 526 4142 et
541 4091 692 4156 baptizatus
712 4105 774 4142 cum
790 4091 886 4142 docem
953 4093 983 4152 (ι)
995 4089 1134 4143 Tostvl.
1148 4090 1190 4141 39
1201 4089 1335 4153 (Append.
1348 4103 1412 4154 pag.
1422 4081 1472 4139 sit.

333 4187 360 4235 et
372 4197 467 4235 norem
480 4183 566 4234 servis
581 4184 647 4234 suis.
661 4183 693 4234 ln
705 4185 781 4234 Actis
793 4185 884 4234 nutem
950 4183 980 4248 (r)
992 4183 1066 4235 Test.
1079 4182 1136 4233 Vl.
1153 4183 1200 4240 15,
1215 4181 1268 4240 28,
1283 4181 1325 4232 29
1342 4176 1472 4246 (Append.

333 4279 360 4332 S.
370 4282 467 4331 Aureae
476 4279 560 4330 simili
570 4279 651 4330 mode
660 4281 784 4332 conversi
797 4281 888 4331 dicun·
923 4291 1003 4345 pagg.
1014 4275 1062 4346 82,
1073 4275 1128 4339 85).

333 4375 379 4422 tur
390 4372 485 4422 decem
494 4373 521 4421 et
533 4373 637 4434 septem
647 4371 774 4421 custodes
784 4371 810 4421 S.
822 4370 887 4421 Cen·
953 4372 983 4433 (ι)
995 4368 1077 4432 Hipp.
1092 4383 1119 4418 u.
1134 4366 1208 4418 Rau.
1223 4383 1249 4432 p.
1264 4367 1303 4417 53.

332 4466 421 4517 surini
442 4467 571 4530 martyris
592 4469 619 4518 et
638 4481 700 4518 eum
721 4467 754 4519 iis
772 4469 887 4532 Scyteus
953 4463 1436 4533 (5)Test.1.3(Append.pag.18¹.
