3170 5134
505 463 568 508 mr.
591 464 619 510 v.
642 463 785 510 incarus.
1161 455 1214 514 l7l

71 636 198 706 tantur
220 635 267 706 ut
290 628 385 705 satis
406 628 610 729 probabilia
633 653 782 730 eaquae
803 630 920 706 tradit
943 631 1117 718 Photius,
1137 633 1218 731 jam

72 763 173 841 nulla
190 790 239 840 ex
260 763 363 840 nous
384 786 467 862 quae
488 765 677 838 auctorem
694 764 837 839 Philet.
858 763 1115 840 demonstrare
1136 789 1218 864 pos·

72 905 156 975 sunt
177 899 349 1001 positive
369 896 539 973 convenit
561 895 666 984 Gaio,
690 901 943 998 praeterquam
965 897 1062 998 quod
1086 895 1219 973 Romae

71 1039 244 1110 versatus
264 1037 324 1108 est
341 1036 506 1132 tempore
522 1028 724 1130 Zephyrini
743 1028 781 1106 S.
804 1030 849 1105 P.
960 1039 966 1056 '
1016 1025 1019 1039 ’
1050 1069 1057 1080 ·

120 1207 158 1289 6.
180 1209 307 1286 Levia
330 1211 510 1309 praeterea
530 1203 700 1306 quaedam
722 1209 944 1304 argumenta
964 1229 1030 1306 pro
1049 1204 1119 1279 hac
1137 1229 1216 1279 sen-

73 1344 189 1420 tentia
207 1342 410 1444 proferunt
428 1339 562 1417 Oruioe
579 1341 616 1436 (ι)
634 1341 671 1413 et
688 1338 835 1414 Fessler
853 1341 903 1436 (a).
927 1337 1116 1414 Nimirum

118 1519 150 1580 1.
175 1508 212 1577 1ο
234 1502 270 1577 N
275 1521 488 1576 rcurnoaus
505 1495 699 1596 conjungit
717 1519 850 1571 nomen
866 1493 949 1572 Oaii
967 1517 1052 1568 cum
1071 1493 1219 1570 nomine

75 1635 319 1723 Tertulliani,
339 1633 402 1735 qui
420 1633 532 1709 etiam
554 1630 700 1707 rebellis
718 1630 790 1706 suit
808 1631 938 1706 eontra
955 1628 1147 1705 ecelesiam
1166 1635 1215 1728 (a).

117 1775 156 1843 2⁰
186 1765 425 1870 Hippolytus
455 1765 605 1866 scripsit
634 1769 766 1841 eontra
796 1765 931 1842 Gaium
962 1767 1013 1862 (r),
1046 1765 1141 1842 sorte
1171 1767 1218 1842 ad
1312 1775 1315 1788 '

77 1900 350 1976 defendendam
379 1897 572 1975 ecelesiam
603 1898 813 1977 Romanam
844 1899 1024 1976 adversus
1050 1901 1130 2000 ejus
1158 1925 1218 1976 ae-

76 2038 304 2115 cusationes

121 2177 159 2248 3⁰
184 2169 307 2250 Gaius
331 2196 404 2247 non
427 2175 483 2248 est
506 2170 646 2247 relatus
670 2172 768 2248 inter
792 2171 961 2260 Sanetus,
987 2173 1076 2248 dum
1100 2195 1146 2248 ex
1170 2172 1216 2249 iis

78 2305 136 2404 qui
159 2307 246 2406 ejus
272 2308 382 2382 aetate
404 2304 496 2381 olari
520 2305 724 2383 extiterunt
746 2305 823 2383 fere
846 2306 901 2381 illi
924 2306 993 2382 soli
1015 2306 1100 2384 albo
1123 2307 1216 2384 San-

78 2443 219 2516 ctorum
245 2438 388 2516 exclusi
414 2444 501 2516 sunt
525 2440 588 2541 qui
615 2440 741 2542 aliquo
765 2442 873 2518 modo
897 2467 920 2518 a
943 2433 1043 2521 reoto
1066 2444 1217 2521 tramite
1361 2465 1362 2468 ’

80 2575 310 2652 deflexerunt
331 2579 367 2651 et
387 2600 497 2651 suum
519 2599 682 2651 errorem
706 2602 780 2654 non
803 2577 1002 2678 expiarunt
1024 2601 1090 2678 per
1117 2603 1215 2655 mar-

82 2709 230 2787 tyrium.

125 2845 173 2922 R.
195 2846 256 2920 Ad
280 2851 336 2921 1¹¹¹.
359 2845 591 2946 Nicephorus
609 2871 651 2922 eo
669 2846 749 2923 looo
766 2851 966 2948 utrumque
983 2845 1122 2924 laudat.

124 2981 179 3056 Ad
204 2987 270 3057 2¹¹¹.
292 2981 384 3056 Haec
407 2986 463 3057 est
485 3005 589 3057 mera
613 2980 844 3082 hypothesis
869 2980 974 3057 nulla
992 2979 1135 3057 ratione
1153 2981 1214 3056 fir·
1289 2981 1299 2996 ‘

83 3119 189 3192 mata.

126 3251 181 3326 hd
205 3258 270 3329 3¹¹¹.
296 3251 504 3353 Responsio
522 3251 679 3328 hahetur
703 3277 748 3327 ex
766 3251 889 3327 verbis
907 3253 1127 3328 Annuumm
1146 3255 1182 3348 (5)
1205 3283 1212 3327 :

88 3419 101 3447 ‘a
121 3389 249 3489 Neque
270 3411 359 3463 vero
381 3391 437 3463 est
457 3387 532 3485 (ait)
554 3410 621 3462 our
643 3408 865 3486 magnopere
886 3384 1066 3460 miremur
1086 3385 1214 3460 ohscu-

86 3519 230 3598 ritatem
256 3547 340 3624 quae
365 3519 561 3624 Hippolyti
586 3521 708 3596 sedem
732 3519 835 3619 tegit.
864 3517 1056 3596 Similihus
1080 3518 1216 3619 quippe

86 3655 240 3731 tenebris
267 3656 435 3732 obductae
460 3657 547 3731 sunt
571 3653 760 3730 memoriae
786 3651 1035 3753 complurium
1061 3651 1214 3754 scripto-

88 3809 177 3875 rum,
199 3790 262 3891 qui
285 3815 358 3866 non
379 3789 509 3891 procul
532 3786 726 3891 Hippolyti
749 3791 858 3864 aetate
880 3787 1108 3874 claruerunt,
1133 3788 1214 3864 Ma-

89 3921 213 4018 gnetis,
233 3925 496 4024 Athenagorae,
513 3922 609 4012 Oaii,
630 3921 810 4010 Hermiae,
824 3921 1015 4024 Agrippa,
1032 3921 1212 4010 (laeteris,

118 4194 145 4252 (ι)
154 4191 352 4245 Eeirdessurdo
361 4207 442 4244 nouo.
453 4194 627 4255 docum.,eto.
697 4193 727 4254 (sl
740 4192 813 4243 Test.
828 4193 857 4243 9.

90 4289 112 4337 p.
125 4280 174 4330 ltl·
443 4281 448 4292 '
694 4283 722 4346 (a)
734 4280 788 4332 Cir.
802 4293 885 4344 supra
896 4279 930 4330 N.
944 4282 968 4330 4.

117 4377 144 4427 lrl
165 4369 251 4425 Theol.
276 4373 467 4431 orearralschr.
489 4371 630 4439 (Thhing.)
696 4371 729 4437 (a)
739 4370 778 4422 Ilo
784 4371 880 4433 pasca
888 4373 970 4430 renat.
981 4370 1060 4428 lawr„
1073 4365 1123 4417 otc.
1135 4380 1162 4430 p.
1172 4369 1212 4418 45.

92 4468 128 4507 au.
143 4460 208 4512 1852.
222 4478 248 4528 p.
260 4465 315 4516 302.
