3180 5134
371 427 410 484 8ss
850 441 965 490 errem.
988 435 1029 488 Η.

371 609 518 668 hereticis
531 621 648 667 necesse
658 607 704 666 est
715 607 896 680 inveniatur3
910 623 983 680 quoe
995 609 1066 668 dum
1078 607 1182 668 contra
1194 612 1348 671 ecclesiam
1361 615 1490 684 vindicat,

371 707 588 765 sacramentnm
604 707 710 764 divinae
725 706 892 764 traditionis
910 709 1070 779 impugnat.
1091 709 1178 780 Cujus
1197 711 1320 770 unitatis
1338 727 1491 771 sacramen·
1560 735 1561 746 ¹

370 807 435 862 tum
457 820 627 878 expressum
649 805 782 863 videmus
804 806 893 862 etiam
913 805 943 860 in
966 806 1084 862 cantico
1105 807 1294 865 canticorum
1315 825 1353 866 ex
1374 825 1492 881 persona

371 903 478 962 Christi
497 905 643 962 dicentis:
662 903 796 961 Hortus
814 902 1017 970 conclusus,
1038 905 1140 960 soror
1157 920 1244 974 mea,
1265 920 1400 977 sponsa,
1419 907 1491 962 1000
1560 975 1561 978 ¹

369 1002 542 1073 signatus,
562 1003 691 1074 puteus
710 1015 809 1072 aquae
827 1002 928 1069 vivae,
946 1002 1135 1073 paradisus
1155 1017 1231 1060 oum
1250 1003 1370 1063 fructu
1388 1019 1490 1076 pomo·
1560 993 1561 1000 '

368 1113 454 1158 rum.
473 1099 502 1155 si
521 1097 763 1156 0010010001οεἰο
782 1097 846 1168 eius
865 1097 969 1156 hortus
987 1098 1142 1156 conclusus
1161 1100 1206 1159 est
1224 1101 1255 1158 ct
1272 1103 1337 1160 1000
1355 1104 1489 1174 signatus.

368 1197 512 1267 quomodo
529 1199 559 1253 in
575 1196 709 1253 eumdem
725 1194 845 1251 hortum
860 1195 983 1252 introire
998 1196 1051 1253 aut
1066 1197 1164 1254 bibere
1179 1197 1216 1254 de
1231 1199 1311 1258 fonte
1324 1201 1386 1271 ejus
1401 1201 1490 1273 potest

368 1297 417 1366 qui
430 1297 461 1352 in
473 1295 596 1354 ecclesia
612 1309 670 1352 non
687 1293 746 1350 esti
764 1293 837 1350 Item
850 1293 955 1350 Petrus
968 1295 1030 1364 ipse
1043 1309 1157 1364 quoque
1173 1296 1375 1355 demonstrans
1391 1299 1420 1354 et
1434 1299 1490 1353 rin·

368 1398 468 1456 dicans
486 1397 629 1455 unitatem
648 1395 799 1452 mandavit
814 1394 843 1451 et
859 1396 972 1452 monuit
991 1396 1045 1452 nisi
1062 1411 1221 1467 perunum
1240 1399 1336 1456 solum
1355 1399 1490 1470 baptisma

367 1501 454 1558 unius
470 1501 603 1559 ecclesia
619 1499 728 1556 0011011
745 1512 799 1556 000
815 1511 872 1554 000
887 1513 981 1570 posse.
1001 1501 1037 1555 ln
1055 1513 1151 1570 arca,
1168 1502 1272 1572 inquit,
1292 1505 1361 1560 Noe
1380 1503 1487 1574 pauci,

366 1598 483 1667 idest,
504 1601 582 1656 octo
601 1600 723 1655 animae
741 1596 918 1653 hominum
936 1597 1045 1654 salvae
1065 1599 1167 1656 iactae
1186 1601 1267 1656 sunt
1282 1615 1344 1671 per
1359 1614 1488 1672 aquam,

366 1697 455 1766 quod
474 1697 509 1754 et
530 1710 592 1754 100
615 1695 785 1753 similiter
810 1694 927 1752 salvos
952 1695 1061 1753 faciet
1086 1696 1269 1766 baptisma.
1298 1700 1390 1764 Quam
1414 1697 1488 1756 brevi
1560 1715 1561 1734 ¹

365 1796 396 1852 et
418 1795 541 1867 spiritali
564 1795 735 1866 compendio
756 1793 877 1852 unitatis
899 1794 1118 1852 sacramentum
1136 1795 1352 1854 manifestaviti
1372 1799 1443 1852 Nam
1459 1795 1488 1850 nt

365 1891 395 1947 in
417 1891 468 1947 1110
491 1891 592 1948 mundi
611 1891 766 1962 baptismo,
787 1906 844 1961 quo
866 1890 1004 1961 iniquitas
1026 1893 1146 1962 antiqua
1170 1895 1296 1964 purgata
1317 1895 1372 1963 001,
1394 1894 1487 1964 quiin
1560 1911 1561 1922 2

364 2004 434 2047 area
453 1993 515 2047 Noe
528 2005 585 2046 non
604 1989 661 2046 fuit
679 2004 735 2046 non
755 1989 850 2060 potuit
868 2003 920 2058 per
938 2003 1046 2059 aquam
1065 1988 1195 2047 salvatus
1208 1991 1283 2058 fleri,
1297 1990 1340 2049 ita
1353 2005 1405 2048 nec
1417 2001 1486 2052 nunc

364 2089 461 2159 potest
474 2104 527 2160 001
541 2087 719 2159 baptismum
738 2087 869 2144 salvatus
888 2086 983 2143 videri
1002 2087 1051 2157 qui
1070 2087 1232 2158 baptizatus
1251 2087 1281 2143 in
1300 2087 1423 2145 ecclesia
1434 2099 1485 2141 non

364 2185 420 2255 001,
434 2202 500 2257 quae
512 2185 549 2242 ad
562 2200 640 2242 arere
652 2186 739 2243 unius
751 2185 968 2242 sacramentum
980 2185 1126 2242 dominica
1137 2186 1252 2243 unitate
1265 2186 1388 2243 ihndata
1402 2185 1452 2241 est.

404 2308 445 2364 12.
463 2331 477 2356 n
492 2307 672 2364 Observatur
687 2307 786 2377 110000
798 2319 817 2362 a
829 2306 912 2362 nobis
927 2305 957 2363 01
972 2305 1099 2375 1000101,
1113 2305 1207 2364 irater
1220 2307 1383 2376 carissime,
1397 2303 1486 2376 expio·

363 2405 431 2463 rata
442 2406 472 2463 et
485 2406 638 2478 perspecta
655 2405 780 2463 veritate
796 2407 829 2463 ut
842 2419 942 2462 omnes
959 2407 1061 2476 quiex
1077 2419 1260 2476 quacumque
1277 2405 1383 2463 haeresi
1395 2404 1429 2460 ad
1445 2417 1486 2458 cc-

363 2504 483 2562 clesiam
492 2502 715 2571 convertuntur,
726 2503 858 2560 ecelesiae
867 2503 953 2560 unico
963 2503 993 2558 et
1002 2502 1132 2574 legitimo
1144 2503 1289 2574 baptismo
1300 2499 1484 2574 baptizentur.

363 2599 492 2671 exeeptis
505 2599 551 2655 his
564 2599 614 2670 qui
627 2598 762 2670 baptizati
775 2600 805 2654 in
818 2599 942 2656 ecelesia
953 2600 1035 2670 prius
1048 2599 1174 2668 iherant,
1188 2600 1219 2657 01
1232 2601 1275 2657 010
1288 2600 1325 2656 01
1338 2598 1485 2656 haereticos

361 2697 548 2756 transierant.
568 2697 636 2753 11100
649 2697 727 2752 enim
740 2686 865 2768 oportet,
879 2713 947 2754 cum
960 2697 1093 2766 redeunt,
1107 2697 1174 2754 acta
1186 2698 1358 2768 poenitentia
1369 2711 1419 2768 per
1430 2707 1486 2750 ma-

361 2809 415 2851 000
428 2793 642 2865 impositionem
659 2793 751 2850 solam
764 2795 856 2865 recipi
868 2795 940 2851 etin
954 2795 1040 2863 ovile,
1055 2794 1131 2851 unde
1147 2783 1362 2862 erraverana‘a
1374 2791 1485 2864 pastore

359 2891 484 2949 restitui.
501 2891 574 2962 Opto
587 2891 627 2960 10,
641 2891 733 2948 irater
745 2892 905 2961 carissime,
920 2906 1035 2963 semper
1047 2893 1120 2948 bene
1132 2892 1241 2950 valere.
1259 2917 1273 2941 u
1288 2890 1325 2965 (1)

404 3032 642 3116 6.F1are1nmm
666 3037 811 3108 Episcopi
837 3037 981 3096 0100111010
1005 3039 1200 3110 Cappadociae
1225 3036 1383 3109 Epistola
1405 3033 1446 3090 ad
1505 3113 1508 3121 Α

542 3142 749 3215 cyprianum
777 3143 902 3236 contra
928 3144 1114 3215 epistolam
1143 3144 1329 3217 Stephani.

701 3239 802 3314 (Inter
814 3241 965 3313 Cypriani
973 3241 1071 3314 Epist.
1085 3243 1142 3316 75).

398 3377 421 3434 1.
438 3400 452 3423 u
467 3377 652 3434 Firmilianus
666 3377 809 3448 Cypriane
827 3377 913 3435 fratri
926 3377 956 3434 in
968 3378 1090 3434 Domino
1103 3377 1238 3434 salutem.
1254 3375 1422 3447 Accepimus
1435 3384 1485 3442 per

358 3477 550 3548 Rogatianum
570 3476 753 3534 carissimum
774 3476 909 3532 nostrum
928 3475 1082 3532 diaconum
1099 3489 1118 3530 a
1136 3474 1219 3531 vobis
1237 3474 1360 3531 missum
1375 3469 1485 3526 litteras

358 3589 429 3645 ques
442 3574 479 3630 ad
492 3589 544 3631 nos
557 3573 662 3642 fecisti,
676 3572 768 3630 110101
781 3573 984 3644 dilectissime;
999 3574 1028 3630 et
1040 3573 1151 3644 gratias
1163 3573 1284 3643 propter
1300 3572 1354 3628 hoc
1367 3568 1484 3626 Domino

356 3671 499 3727 maximas
509 3672 620 3742 egimus
630 3671 708 3742 quod
720 3671 876 3743 contigerit
885 3673 919 3730 ut
928 3674 978 3744 qui
988 3687 1110 3743 corpore
1119 3672 1155 3728 ab
1166 3671 1293 3728 invicem
1306 3679 1482 3741 separamur,

356 3771 399 3826 sic
417 3769 520 3840 spiritu
533 3769 696 3826 adunemur
714 3773 798 3842 quasi
810 3785 868 3828 non
887 3785 975 3828 unam
988 3770 1103 3828 tantum
1115 3771 1265 3841 regionem
1280 3765 1421 3833 tenentes,
1435 3761 1482 3820 001

356 3870 386 3926 10
399 3869 462 3941 ipsa
471 3870 558 3942 atque
568 3871 598 3927 in
612 3870 713 3927 eadem
723 3871 809 3928 domo
822 3871 986 3928 habitantes
991 3915 1045 3930 .....

377 3999 420 4056 ·2.
441 4022 454 4046 u
480 4040 487 4053 .
505 4041 510 4054 .
528 4041 534 4054 .
552 4039 582 4054 ..
604 3996 734 4054 Gratiam
753 3996 866 4054 1010110
885 3997 1030 4068 Stephano
1048 3998 1078 4054 in
1095 3996 1153 4054 isto
1170 4011 1325 4069 possumus
1343 3995 1419 4066 quod
1432 4007 1483 4065 per

356 4095 434 4153 iliius
453 4095 695 4153 inhumanitatem
714 4111 790 4176 nune
809 4096 946 4153 effectum
965 4096 1004 4153 sit
1026 4097 1059 4153 ut
1081 4096 1148 4153 fidei
1167 4097 1197 4154 et
1210 4096 1357 4168 sapientia
1376 4095 1482 4152 vestra

356 4193 587 4265 experimentum
607 4209 788 4267 caperemus.
808 4195 864 4252 Sed
884 4211 941 4252 non
960 4195 1037 4251 enim
1056 4193 1081 4252 ei
1097 4209 1150 4252 000
1169 4196 1290 4266 0100101
1308 4193 1481 4264 Stephanum
1560 4253 1561 4256 ,

382 4438 410 4492 [1)
420 4437 448 4483 Ρ.
460 4435 488 4483 h.
501 4438 519 4483 t.
531 4435 576 4484 III.
588 4449 611 4495 p.
626 4441 687 4485 1127.
