3170 5134
495 429 554 474 cir.
580 429 617 472 iv.
641 427 676 475 m
697 429 877 475 aionomros.
1196 415 1253 474 167

101 591 214 668 brevi
250 591 478 669 refutatione
506 591 706 668 haeresium
731 595 842 668 antea
867 592 912 669 ab
939 591 1142 694 Hippolyto
1168 617 1252 669 con·
1292 633 1297 644 =

100 726 256 828 scripta
277 729 329 824 (1).
350 741 382 806 b.
395 726 518 803 Verba
535 729 660 802 autem
677 724 792 802 citata
808 749 832 802 a
849 724 998 802 Gelasio
1016 723 1254 826 reperiuntur

100 859 139 933 in
164 858 379 960 Hippolyti
400 861 560 936 tractatu
582 862 712 935 contra
733 857 905 935 haeresim
928 855 1051 944 Nocti,
1074 881 1112 932 n.
1137 861 1180 932 18
1200 859 1248 954 (a).

102 991 219 1069 Unde
244 994 409 1096 supponi
430 996 550 1096 potest
570 993 630 1070 vel
652 993 721 1069 iste
737 995 917 1069 tractatus
940 991 1054 1067 fuisse
1070 1014 1157 1092 pars
1174 1014 1251 1066 ma-

95 1129 196 1230 joris
221 1131 356 1232 operis
376 1132 422 1209 ab
445 1130 649 1233 Hippolyto
670 1129 869 1232 conscripti
892 1128 1071 1206 adversus
1093 1126 1252 1203 haereses

99 1265 206 1341 circa
228 1265 536 1344 Incarnationem
557 1266 715 1354 Christi;
729 1265 795 1348 ¹nel
815 1263 987 1342 Gelasius
1006 1288 1073 1366 per
1089 1287 1252 1340 errorem

98 1399 247 1476 citasse
276 1399 378 1476 hune
400 1405 600 1478 tractatum
623 1398 819 1501 specialem
840 1399 908 1474 sub
930 1395 1039 1474 titulo
1060 1399 1253 1472 Memorioe

99 1541 345 1626 Hoeresum;
364 1538 424 1613 vel
443 1538 600 1639 denique
617 1536 739 1614 locum
758 1562 782 1614 a
802 1535 951 1614 Gelasio
970 1534 1126 1612 citatum
1146 1534 1251 1610 abeo

98 1655 309 1773 repertum
341 1673 455 1748 luisse
484 1673 522 1748 in
553 1671 679 1774 aliqua
711 1671 924 1749 collectione
956 1667 1252 1747 testimoniorum

97 1807 298 1884 adversus
320 1807 446 1884 varias
467 1807 626 1884 haeresos
648 1807 772 1904 (simili
793 1806 932 1883 catenis
955 1806 1113 1881 Patrum
1131 1803 1169 1879 in
1186 1827 1250 1879 va-

97 1939 177 2017 rios
200 1939 332 2017 libros
355 1939 558 2042 Scriptnrae
577 1945 705 2040 sacrae)
723 1967 805 2043 quae
822 1940 931 2018 titulo
947 1939 1144 2016 Memoriae
1160 1941 1249 2013 Hoe-

97 2103 239 2156 resum
260 2078 446 2179 insignita
462 2077 575 2155 fuerit
591 2081 640 2178 (3).

130 2373 161 2438 (1)
175 2373 238 2424 cfr.
263 2387 354 2438 supra
368 2374 402 2424 N.
421 2375 460 2434 48,
475 2376 502 2426 1⁰
514 2377 540 2425 et
551 2374 614 2438 Cap.
633 2373 669 2426 ΙΙ.
704 2385 763 2424 csse
784 2372 924 2437 probabile
947 2372 1143 2434 existimemus,
1160 2372 1250 2423 obstat

98 2468 131 2517 N.
146 2470 174 2530 3,
187 2479 216 2519 a
227 2473 330 2536 (pagg.
343 2471 399 2532 14³,
413 2471 478 2531 104).
702 2468 774 2530 quod
785 2467 913 2520 refutatio
928 2467 976 2519 iila
992 2469 1060 2528 satis
1077 2466 1184 2532 prolixa
1195 2479 1249 2518 non

131 2559 163 2623 (ε)
176 2559 212 2610 Ρ.
228 2559 265 2612 G.
280 2563 302 2611 t.
316 2559 352 2610 X.
366 2575 392 2624 p.
406 2561 461 2611 828.
701 2557 808 2609 videtur
830 2559 894 2620 jure
926 2570 1006 2622 posse
1040 2556 1156 2621 supponi
1184 2568 1249 2620 pars

130 2653 162 2714 (s)
178 2651 347 2711 Quominus
359 2653 450 2704 autem
462 2654 545 2705 verba
558 2652 670 2703 citatas
703 2651 847 2712 libellique
860 2650 1049 2700 refutabantur
1061 2649 1176 2698 boereses
1186 2651 1250 2697 duoe

100 2738 214 2792 Gelasio
232 2755 250 2790 e
263 2741 391 2791 tractatu
407 2741 534 2794 adversus
551 2743 671 2794 haereses
703 2746 727 2790 et
739 2741 850 2802 titolata
861 2741 889 2791 ot
897 2739 942 2790 ubi
954 2741 1032 2790 dictio
1040 2753 1095 2788 non
1106 2739 1249 2788 mundans

100 2847 183 2895 quem
213 2834 357 2886 describit
384 2835 499 2890 Pboiius
528 2837 672 2902 desumpta
705 2837 914 2902 erat(cr1·.'l'est.
925 2825 1247 2901 1.8.Appcno.pag.2⁰)·
