3132 5140
450 499 512 542 cir.
537 500 585 542 ru.
609 499 643 544 ss
664 499 847 546 uovsrnrus
1164 483 1222 544 185

67 666 145 740 licat
175 669 321 740 auctor
349 666 508 750 Philon,
533 691 606 740 non
631 671 797 768 tempore
823 664 971 743 Callisti
999 667 1037 740 S.
1067 667 1130 753 Ρ.,
1159 667 1220 741 sed

65 810 141 896 post
159 797 339 874 medium
358 797 527 874 seculum
547 797 618 885 ΙΙΙ,
646 799 804 900 triginta
826 798 968 876 scilicet
989 802 1073 901 post
1096 799 1218 888 annis,

63 932 273 1009 cxcitatum
302 931 429 1008 fuisse.
458 932 589 1034 Itaque
624 934 808 1036 imprimis
843 933 1034 1009 contendit
1063 957 1108 1008 ea
1137 957 1222 1034 quae

65 1065 252 1143 habentur
273 1068 418 1143 Philus.
441 1066 507 1144 IX.
532 1073 589 1156 12,
613 1072 658 1143 13
681 1071 718 1164 (1)
737 1092 811 1144 non
835 1066 962 1143 omnia
980 1065 1223 1166 intelligenda

63 1229 137 1280 csse
162 1206 211 1281 de
239 1203 404 1282 Callisto
429 1206 583 1306 ejusque
613 1209 736 1292 aetate,
765 1204 827 1282 sed
859 1203 1031 1306 quaedam
1059 1202 1104 1279 de
1135 1203 1221 1282 Cal-

63 1337 158 1423 listo,
180 1338 267 1416 alia
285 1364 376 1415 vero
394 1338 614 1415 deecclesia
634 1339 810 1417 Romana
827 1362 941 1440 quam
961 1337 1113 1437 regebat
1131 1335 1221 1414 Cor-

65 1473 182 1552 nelius
217 1477 261 1554 S.
294 1477 341 1552 P.
369 1479 465 1577 (post
494 1501 554 1552 an.
584 1479 682 1572 251),
708 1498 895 1576 quamque
918 1477 1050 1551 auctor
1074 1474 1224 1550 Callisti

63 1617 232 1688 ‚cadolum
261 1610 475 1714 appellarit.
501 1647 516 1677 a
539 1611 780 1714 Quamquam
799 1611 895 1688 enim
917 1611 983 1698 ibi,
1003 1609 1102 1686 utin
1119 1609 1222 1685 viru-

64 1745 161 1823 lenta
194 1745 485 1835 declamatione,
523 1747 744 1825 historicum
779 1747 948 1825 ordinem
983 1750 1115 1823 auctor
1149 1772 1222 1823 non

64 1880 216 1956 omnino
237 1885 434 1982 sequatur,
455 1885 628 1958 accurate
651 1887 778 1960 tamen
796 1859 1003 1982 'distinguit
1021 1879 1221 1959 Callistum

65 2018 286 2116 pontificem
312 2042 336 2094 a
354 2016 502 2095 Callisti
522 2018 663 2107 schola,
684 2043 768 2120 quae
785 1993 876 2121 'ipsa
900 2021 957 2094 est
978 2016 1136 2092 ecclesia
1162 2042 1220 2092 ro·

66 2175 177 2228 mana
197 2150 352 2230 Callisti
378 2152 595 2253 magisterio
613 2153 786 2230 instituta
812 2154 1014 2254 eademque
1032 2155 1116 2254 post
1133 2151 1220 2230 Cal-

67 2281 139 2360 listi
166 2286 368 2362 decessum
398 2286 437 2362 in
466 2287 637 2366 custodia
667 2288 815 2365 traditae
844 2288 1024 2365 doctrinae
1050 2312 1220 2391 persevc-

67 2440 164 2493 raus.
202 2465 248 2474 —
281 2419 330 2497 Et
355 2427 457 2510 sane‘,
485 2425 776 2498 commemorata
802 2419 950 2499 Callisti
977 2420 1149 2497 doctrina
1174 2420 1219 2495 de

68 2552 181 2629 Patre
206 2580 254 2631 ac
272 2555 411 2643 Verbo,
431 2557 475 2632 de
502 2581 659 2634 romana
676 2556 832 2634 ecclesia
849 2582 916 2660 per
934 2555 1134 2633 Callistum
1153 2555 1217 2632 ad-

68 2686 286 2766 ministrata
303 2691 356 2765 sic
382 2689 445 2768 ille
471 2693 600 2770 scribit
621 2723 628 2769 :
655 2697 762 2770 Potiu
780 2683 941 2770 conclus
950 2695 1219 2790 praeripiatur

68 2820 188 2898 illa...
213 2822 314 2898 Tum
331 2823 376 2900 de
403 2823 550 2902 Callisti
569 2825 762 2928 discipulis
781 2827 909 2904 statim
936 2826 1089 2903 subdit:
1113 2831 1218 2902 llum

68 2956 99 3026 si
113 2965 218 3048 forte
235 2959 365 3052 qui...
385 2957 492 3045 Quod
512 2965 741 3061 postremum
759 2987 848 3038 sane
862 2967 946 3064 post
964 2958 1113 3038 Callisti
1128 2986 1217 3061 pon-

69 3089 252 3170 tificatum
272 3095 421 3171 evenire
434 3096 556 3196 potuit
568 3100 617 3195 (a).
641 3144 687 3153 -
707 3098 857 3176 Indead
877 3097 1079 3176 Callistum
1094 3125 1217 3201 regre-

68 3227 167 3305 ditur
203 3235 350 3320 auctor,
387 3238 429 3309 ut
462 3234 645 3323 ostendat,
682 3235 779 3337 quod
816 3234 922 3312 initio
957 3242 1215 3337 proposuerat,

69 3362 257 3440 malorum
280 3366 462 3466 originem
489 3393 535 3444 ex
557 3367 622 3446 illo
640 3395 720 3445 esse
742 3371 993 3472 repetendam.
1023 3374 1099 3446 Hic
1113 3397 1216 3468 prce-

70 3502 175 3588 cepit,
199 3505 410 3578 tornaci...
433 3549 479 3559 -
499 3505 598 3580 Hinc
616 3531 766 3582 rursum
785 3505 831 3582 ad
845 3504 995 3588 ‚Callisti
1014 3504 1217 3607 discipulos

71 3633 162 3712 redit
180 3635 349 3712 scribens
367 3667 374 3713 :
398 3642 520 3732 Cujus
536 3642 730 3716 auditores
746 3641 921 3716 delectati
929 3641 1147 3735 placitis...
1170 3687 1217 3697 -

73 3764 347 3870 Denique‚aliis
362 3769 509 3848 Callisti
523 3772 680 3850 decretis
694 3773 740 3850 ad
755 3773 938 3850 invidiam
952 3799 1219 3851 commemora-

72 3897 129 3986 tis,
149 3901 207 3977 ita
225 3903 438 3980 concludit:
456 3909 550 3980 Hoec
574 3907 696 4002 ipitur
712 3909 1082 4000 mirificentissimam
1106 3910 1218 3984 Colli-

73 4045 161 4111 stus.
171 4098 196 4113 ..
210 4072 226 4102 n
236 4040 288 4133 (al.
299 4075 349 4098 =
361 4038 470 4116 Illam
484 4045 609 4118 autem
624 4043 787 4120 auctoris
802 4044 920 4121 nostri
935 4042 1216 4120 accusationum

102 4330 107 4374 l
114 4331 130 4378 {t
143 4327 269 4391 uppend.
284 4341 364 4394 pagg.
382 4325 481 4398 ΜΟ,
492 4327 532 4383 17.
695 4331 724 4393 (a)
742 4331 782 4381 De
798 4335 892 4394 prisca
913 4335 1006 4391 refut..
1028 4335 1081 4380 etc.
1103 4343 1162 4393 cap.
1187 4331 1220 4380 26

101 4419 129 4476 u)
137 4417 234 4469 Potuit
244 4418 346 4484 utique,
354 4423 401 4472 sed
412 4423 439 4473 id
448 4435 622 4486 nequaquam
659 4425 695 4487 (p.
714 4423 838 4484 loa-tos).

75 4502 214 4561 indicatur.
