3154 5134
233 479 293 530 Μ’.
319 486 356 530 iv.
382 486 417 530 llll
437 484 509 530 Aliis
531 465 689 530 ERRORlBl'S
709 481 845 528 cvrailno
867 481 1023 528 lllPlde‘llS.
1143 465 1202 525 269

97 669 141 732 5.
178 661 364 750 Quaedam
399 664 637 766 reperiuntur
671 661 710 736 in
745 685 873 736 recens
903 660 1056 736 invento
1090 684 1202 761 opere

30 802 477 896 Pln'losoplmumenon,
522 825 606 902 quae
647 799 909 876 auctoritatem
949 795 1201 900 primatialem

32 935 241 1012 Romanae
271 935 437 1013 ecclesiae
464 937 502 1013 in
533 936 752 1014 universum
778 936 906 1011 orbern
936 933 1199 1020 christianum,

30 1070 163 1172 idque
180 1076 265 1148 tum
281 1072 384 1148 circa
402 1071 611 1149 doctrinam
626 1070 711 1147 fidei
729 1073 811 1146 tum
830 1069 932 1146 circa
948 1067 1199 1170 disciplinam,

31 1206 222 1306 agnitam
240 1206 422 1308 praeclare
440 1205 714 1303 manifestant(
732 1209 755 1304 ).

97 1395 143 1459 6.
165 1389 336 1467 Ecclesia
349 1391 526 1468 Romana
540 1389 760 1492 simpliciter
774 1388 957 1464 catholico
970 1385 1202 1462 diciturtum

35 1549 65 1598 a
95 1522 275 1602 Cornelio
305 1525 355 1601 R.
392 1526 439 1601 P.
474 1525 513 1600 in
547 1522 705 1626 epistola
731 1523 777 1599 ad
808 1521 969 1598 Fabium
999 1519 1200 1596 Antioche-

37 1683 143 1734 num
170 1663 226 1758 (a),
256 1665 338 1737 turn
368 1685 392 1736 a
420 1659 694 1737 confessoribus
724 1657 800 1735 illis
831 1658 894 1759 qui
920 1655 1152 1758 aliquamdiu
1177 1678 1201 1730 a

43 1793 270 1870 Novatiano
309 1795 451 1871 seducti
489 1803 530 1872 ut
564 1795 682 1898 ipsius
719 1793 912 1870 schismati
948 1791 1198 1877 adhaererent,

39 1953 139 2005 mox
171 1929 218 2005 ad
247 1953 379 2006 veram
400 1930 597 2008 ecclesiam
624 1930 764 2008 reversi
795 1933 883 2006 sunt
906 1932 957 2028 (3),
984 1931 1065 2004 tum
1087 1927 1200 2004 etiam

39 2087 66 2138 a
91 2061 286 2164 Cypriane
304 2066 354 2162 (4).
836 2045 840 2052 ⁵

101 2257 142 2322 7.
164 2250 390 2329 Grrnrnuus
410 2287 449 2336 ιι.
472 2255 580 2358 Saepe
602 2258 760 2333 testatus
784 2257 841 2328 est
857 2253 1053 2330 eeclesiam
1071 2254 1110 2329 in
1127 2253 1198 2330 Pe-

41 2393 110 2462 tro
129 2409 210 2462 esse
227 2385 420 2465 fundatam
445 2396 482 2466 et
501 2377 586 2466 inde
612 2390 845 2493 praecipuum
871 2387 1099 2490 principium
1122 2389 1200 2464 uni-

42 2518 141 2594 tatis
164 2519 244 2620 ejus
267 2520 410 2598 desumi
429 2529 488 2624 (5),
511 2525 705 2628 speciatim
722 2517 812 2600 ve'ro
830 2521 966 2599 celebri
985 2522 1198 2600 testimonio

80 2859 115 2920 (ι)
135 2857 191 2909 cn.
209 2857 378 2923 snpraDiss.
400 2857 445 2909 lV.
467 2858 532 2924 (lap.
555 2859 600 2912 IV.
635 2861 676 2911 67.
692 2861 735 2911 Ad
751 2859 882 2924 Stephon.
901 2859 935 2911 R.
954 2859 986 2910 P.
1004 2857 1046 2922 (P.
1066 2856 1097 2908 L.
1112 2857 1131 2906 i.
1146 2853 1196 2906 lll.

46 2947 84 2999 N.
100 2947 147 2998 2-6
158 2949 230 3014 (pag.
243 2949 291 2999 214
304 2951 383 3012 sqq.).
638 2965 664 3015 p.
678 2952 745 3014 994).

82 3039 117 3102 (e)
135 3036 186 3088 on.
204 3051 291 3102 supra
307 3039 381 3090 Diss.
400 3038 450 3091 111.
470 3039 536 3105 Cap.
557 3041 602 3091 lv.
670 3043 701 3100 (si
713 3040 759 3092 Sic
771 3041 859 3105 Epist.
870 3041 911 3092 40.
924 3054 950 3091 n.
962 3041 977 3090 5
991 3055 997 3090 :
1012 3060 1025 3081 a
1035 3038 1110 3089 Deus
1126 3052 1198 3088 unus

48 3126 86 3178 N.
101 3127 134 3178 27
146 3125 221 3192 (pag.
236 3127 301 3186 126).
639 3151 651 3172 n
665 3131 708 3181 est
718 3131 747 3181 et
758 3130 884 3181 Christus
896 3142 976 3189 unus,
994 3130 1021 3179 at
1039 3139 1094 3178 una
1112 3126 1198 3178 eccla-

82 3215 117 3281 (s)
131 3215 219 3276 uNos,
231 3215 602 3284 inquinut‚(iorneliumepi-
638 3242 651 3260 ..
664 3220 707 3270 sis
723 3221 750 3270 et
766 3220 899 3271 cathedra
919 3232 975 3270 unu
993 3229 1075 3283 super
1092 3219 1198 3281 petram

50 3329 63 3348 ·
77 3320 192 3372 scopum
208 3309 388 3360 sanctissimae
400 3310 543 3362 catholicas
555 3323 598 3362 ec·
634 3333 646 3354 κ
660 3310 772 3362 Domini
784 3323 850 3362 voce
862 3311 976 3361 lundata
992 3332 1004 3352 w
1018 3307 1062 3374 (P.
1073 3306 1105 3357 L.
1116 3310 1136 3358 t.
1150 3305 1196 3357 lv,

52 3397 169 3450 -clesiae
181 3398 300 3450 eloctum
311 3413 328 3449 a
340 3398 398 3451 Deo
414 3401 600 3466 omnipotente
633 3415 659 3466 p.
672 3402 739 3466 336).
757 3429 790 3439 -
805 3401 895 3466 Epist.
908 3402 949 3451 55.
970 3413 997 3450 n.
1015 3401 1050 3449 7:
1066 3419 1078 3440 a
1096 3397 1197 3448 Petrus

51 3493 105 3538 κει
116 3487 226 3541 Christo
244 3489 363 3542 Domino
381 3493 476 3542 nostro
488 3491 597 3544 scimus.
635 3493 768 3554 stamen,
796 3506 880 3556 super
906 3503 986 3554 quem
1008 3489 1144 3540 oedillcata
1163 3488 1197 3538 ab

54 3578 598 3633 =Nosorroremnostrumnonfltemur...
636 3583 757 3634 neodem
768 3581 888 3633 Domino
903 3581 992 3630 ruerat
1010 3577 1168 3629 ecclesia...
1184 3600 1196 3621 n

54 3667 602 3736 nNecsuimignoramus...unumepi-
636 3671 678 3736 (P.
697 3671 728 3722 L.
756 3673 775 3722 t.
795 3670 845 3722 lll.
864 3685 890 3734 p.
912 3669 979 3733 806).
997 3695 1028 3704 -
1047 3666 1136 3731 Epist.
1154 3667 1195 3717 69.

55 3771 192 3822 -scopum
209 3758 238 3809 in
252 3758 392 3811 catholica
406 3759 524 3811 ecclesia
540 3773 601 3813 asse
635 3775 661 3812 n.
676 3763 710 3812 8:
726 3784 738 3804 a
756 3759 893 3824 Loquitur
911 3757 968 3808 illic
986 3756 1096 3815 Petrus,
1112 3768 1197 3818 super

56 3867 68 3885 v
80 3845 186 3898 debere.
201 3869 213 3888 u
232 3847 354 3900 Cornelii
371 3848 399 3900 S.
412 3849 444 3900 P.
465 3850 551 3915 Epist.
566 3852 600 3901 ed
635 3875 647 3896 η
661 3865 742 3916 quem
760 3850 924 3902 aedificanda
941 3848 1030 3899 iuerat
1049 3844 1166 3897 ecclesie
1183 3867 1195 3888 υ

54 3933 180 4000 Cypriae.
193 3937 370 4004 linicrcypr.
384 3939 464 4004 epist.
477 3943 518 3992 46.
537 3955 563 3992 n.
578 3943 601 3992 2.
636 3941 679 4002 (P.
698 3941 729 3993 L.
754 3943 774 3992 l.
795 3939 839 3991 lV.
857 3955 883 4004 p.
904 3938 971 4004 406).
991 3965 1023 3974 -
1043 3935 1084 3986 Dc
1101 3935 1197 3984 habitu

56 4023 85 4075 P.
99 4027 130 4078 L.
141 4029 161 4078 t.
175 4027 224 4079 Ill.
239 4043 265 4093 p.
276 4031 342 4094 721).
635 4037 703 4096 airy.
717 4047 744 4084 n.
757 4034 806 4084 10:
823 4053 834 4072 u
848 4030 950 4092 Petrus
966 4027 1059 4085 eliam.
1073 4025 1116 4076 eui
1133 4037 1197 4077 oves

86 4119 115 4180 (r)
128 4141 141 4161 u
202 4119 260 4171 Nec
277 4134 359 4186 posse
370 4135 388 4172 a
402 4135 540 4186 quoquam
553 4136 601 4175 no·
638 4147 650 4167 υ
664 4138 728 4176 sues
745 4123 880 4176 Dominus
902 4117 1054 4185 pascendas
1070 4116 1198 4168 tuendas·

58 4207 168 4258 astrum
184 4208 238 4260 sibi
253 4211 461 4273 communicari,
479 4213 526 4276 qui
545 4213 601 4278 epi·
638 4237 650 4257 κ
664 4227 717 4276 que
734 4210 917 4270 commendat,
937 4221 1020 4274 super
1042 4219 1122 4270 quem
1146 4220 1209 4272 po-¹

59 4309 162 4362 rscopo
177 4295 304 4351 Cornelio
320 4301 499 4354 incatholicis
514 4301 601 4354 eccle·
638 4326 650 4347 u
663 4303 720 4354 suit
728 4303 756 4354 st
769 4299 894 4353 fundarit
903 4296 1079 4350 ecclesiam...
1092 4317 1104 4338 n
1115 4295 1195 4357 (lbid.

61 4387 122 4438 usia
133 4387 165 4440 do
177 4386 228 4438 Dei
235 4389 340 4451 jndicio
350 4393 377 4442 et
388 4391 457 4442 cleri
469 4405 501 4443 ac
513 4391 602 4457 plebis
622 4409 624 4414 ·
635 4408 662 4458 p.
675 4395 740 4457 449).
754 4421 785 4430 -
798 4391 886 4456 Epist.
900 4389 935 4440 ad
951 4387 1132 4438 Fortunarum
1148 4398 1197 4436 seu

61 4477 505 4547 asunagiooroineto....··cypr.
517 4483 603 4547 Epist.
639 4483 679 4536 De
702 4485 890 4534 seiunctione
910 4477 1043 4538 manuni
1059 4489 1120 4540 ΜΡ·
1141 4476 1170 4525 ll
1189 4489 1195 4525 ²
