3170 5134
506 477 569 524 ιιι.
593 475 633 524 ιι.
656 475 908 528 suniemirus·
1225 465 1279 529 Ill

113 655 271 736 Romae
292 654 446 733 inventa
470 657 537 733 est.
559 657 735 734 -Anno
757 655 901 734 scilicet
925 659 1013 732 1551
1039 655 1077 732 in
1101 679 1194 758 agro
1212 659 1284 736 Ve-

113 821 224 874 rano
243 821 320 874 non
341 796 473 900 procul
495 799 541 876 ab
563 798 644 878 aede
666 797 705 878 S.
731 797 927 878 Laurentii
949 821 1065 901 prope
1082 799 1214 877 urbem
1232 801 1282 900 (in

111 931 251 1009 veteri
281 931 345 1008 vla
376 929 586 1032 Tiburtina)
617 958 638 1010 e
667 932 865 1011 ruderibus
895 931 1062 1034 antiquae
1091 935 1282 1012 memoriae

113 1092 193 1144 seu
221 1070 367 1168 cryptae
390 1066 430 1145 S.
457 1065 657 1170 Hippolyti
681 1067 817 1146 effossa
838 1070 895 1146 est
911 1091 1124 1145 marmorea
1141 1071 1280 1162 statua,

113 1203 226 1282 solio
258 1228 324 1280 seu
352 1203 544 1284 cathedrae
575 1204 740 1283 insidens
771 1201 905 1306 graecis
939 1205 1117 1306 utrinque
1145 1203 1281 1284 litteris

112 1337 324 1439 inscriptae
354 1340 404 1437 (ι).
442 1337 642 1442 Inscriptio
672 1339 711 1417 in
744 1337 843 1416 binis
878 1337 1067 1452 cathedrae
1101 1339 1281 1420 lateribus

111 1469 259 1573 cyclos
280 1469 474 1572 paschales
503 1497 691 1550 annorum
720 1472 908 1550 sexdecim
937 1473 1100 1564 exhibet,
1129 1481 1281 1576 quarta-

111 1629 217 1682 rum
252 1603 482 1684 decimarum
518 1607 718 1708 (lunarum)
749 1608 789 1685 in
819 1607 964 1698 dextro,
998 1607 1282 1686 Dominioarum

110 1739 367 1844 paschalium
379 1741 419 1818 in
433 1741 599 1834 sinistro,
616 1747 795 1846 utrosque
812 1743 948 1846 septies
968 1743 1158 1845 repetitos,
1173 1743 1227 1821 ita
1240 1749 1283 1822 ut

109 1873 268 1951 seriem
284 1879 433 1952 centum
451 1875 645 1954 duodecim
660 1902 845 1955 armorum
863 1876 1172 1978 complectantur.
1196 1879 1282 1956 Non

110 2013 213 2088 erat
238 2010 389 2112 quidem
419 2013 459 2088 in
488 2037 533 2090 ea
558 2037 778 2116 expressum
807 2035 942 2090 nomen
973 2011 1185 2115 Hippolyti,
1218 2013 1281 2090 sed

111 2143 242 2224 facile
264 2145 345 2248 ipsa
368 2147 556 2225 sexdecim
577 2173 766 2226 annorum
791 2145 924 2224 circuli
953 2145 1152 2223 methodus
1177 2149 1214 2246 (ι)
1244 2152 1282 2224 et

111 2280 399 2385 opusculorum
424 2283 619 2387 catalogus
645 2310 755 2388 quem
781 2284 996 2362 continebat
1025 2283 1170 2386 primus
1199 2284 1282 2361 lim-

112 2425 198 2500 bus
222 2421 343 2501 dextri
360 2423 537 2502 laterculi
555 2429 592 2526 (3)
614 2425 866 2530 Hippolytum
884 2424 976 2502 satis
993 2422 1211 2526 prodebant.
1233 2469 1281 2481 —

113 2557 226 2634 Haee
248 2559 372 2636 statua
395 2557 579 2636 collocata
602 2565 658 2637 est
679 2561 719 2636 in
741 2560 977 2638 Bibliotheca
994 2559 1194 2648 Vaticana,
1215 2561 1280 2637 ubi

111 2699 160 2772 et
177 2691 384 2769 hodiedum
402 2693 552 2772 visitur.

173 2889 217 2974 7.
237 2893 393 2974 Ineunte
418 2867 543 2975 seculo
574 2896 632 2975 Ill
658 2897 765 2975 illam
790 2895 1025 2999 exsculptam
1051 2896 1170 2974 fuisse
1194 2922 1278 2977 oen·

111 3037 286 3110 suerunt
302 3033 586 3112 mennuxxn'
600 3039 637 3113 et
654 3035 720 3114 alii
740 3036 877 3112 harum
891 3057 1019 3110 rerum
1037 3033 1161 3135 periti.
1182 3033 1279 3122 Quae

111 3167 312 3246 sententia
334 3169 591 3280 confirmatur,
604 3177 641 3247 1ο
663 3169 722 3248 Ex
744 3195 787 3248 eo
810 3167 909 3272 quod
933 3169 1116 3245 memoria
1135 3169 1279 3271 Hippo-

110 3303 196 3406 lyti
211 3301 303 3380 adeo
320 3304 426 3382 brevi
444 3305 580 3384 Romae
594 3306 793 3384 obliterata
811 3309 869 3383 est
886 3308 929 3382 ut
946 3304 1218 3406 Hieronymus
1239 3307 1279 3384 in

113 3442 222 3518 libro
236 3445 292 3517 De
305 3444 399 3519 viris
419 3443 637 3520 illustribus
650 3447 688 3544 (4)
708 3444 753 3520 de
769 3441 977 3546 Hippolyto
995 3441 1164 3519 ¹scribens
1178 3447 1278 3545 post·
1339 3488 1343 3501 ·

113 3599 241 3678 quam
264 3575 398 3654 Romae
418 3577 483 3653 diu
508 3582 682 3656 versatus
700 3581 795 3668 erat,
812 3575 909 3654 nihil
927 3575 973 3652 de
1000 3576 1081 3676 ejus
1112 3576 1193 3654 vita
1224 3603 1279 3654 re

150 3926 187 3994 (ιι
201 3925 330 3993 Effigiem
341 3929 423 3993 hujus
434 3931 532 3982 statuae
541 3929 681 3982 exhibent.
748 3925 1275 3996 (rlcfr.'l'est.1.2,4,5,12.(Append.

113 4023 190 4075 Sim.
204 4023 468 4076 onMsarsrnrsAct.
480 4023 611 4076 Maraad
625 4021 680 4075 Ost.
715 4037 778 4089 pag.
791 4015 893 4084 18-21).

118 4111 179 4163 Tib.
196 4127 222 4178 p.
235 4111 299 4177 ³583
312 4113 425 4166 Bunsux
436 4115 464 4164 in
479 4115 570 4166 fronto
585 4116 652 4166 tom.
667 4113 679 4164 l
745 4115 775 4178 (nt
788 4114 844 4166 CIr.
859 4115 932 4166 Test.
947 4113 971 4166 1.
986 4114 1016 4177 2,
1033 4114 1065 4175 4,
1078 4113 1109 4174 5,
1126 4113 1160 4164 11
1173 4111 1275 4180 (ibid).

113 4203 214 4269 operte
242 4205 319 4256 citati
348 4217 433 4268 supra
461 4203 582 4254 Prooem.
606 4203 640 4256 N.
665 4205 682 4255 6
746 4201 780 4270 (ι)
798 4203 859 4266 Cui,
876 4205 907 4255 ut
927 4204 986 4267 ipse
1003 4203 1120 4254 testatur
1141 4216 1201 4267 cap.
1224 4204 1274 4255 ult.

112 4301 193 4365 (pag.
204 4297 262 4356 8'rt;
275 4297 303 4346 et
314 4307 369 4346 uon
384 4294 423 4346 ite
433 4294 681 4357 accurateexpres-
715 4293 760 4360 (P.
774 4291 805 4344 L.
819 4294 838 4344 t.
857 4291 962 4344 XXIII.
976 4307 1001 4356 p.
1015 4295 1073 4351 717)
1087 4293 1170 4342 finem
1187 4291 1275 4356 Impo-

113 4400 179 4438 nam
209 4383 359 4436 Fsenrems
387 4381 453 4446 opp.
483 4380 511 4432 S.
539 4379 682 4445 Hippolyti
715 4382 771 4433 sutt
793 4395 866 4433 anno
894 4381 1043 4433 Theodosii
1068 4380 1275 4444 decimoquarto

115 4493 144 4542 p.
159 4475 205 4538 36,
223 4475 252 4526 et
265 4486 300 4524 ex
317 4485 350 4524 eo
368 4473 473 4533 Μιιιιιιι,
486 4474 506 4524 t.
525 4471 559 4523 X.
578 4486 605 4536 p.
622 4473 680 4523 sol.
715 4483 763 4524 seu
776 4486 838 4524 aerae
850 4471 922 4537 vulg.
935 4473 993 4523 392.
