3154 5134
749 1091 985 1180 CAPUT
1027 1099 1132 1181 III.

459 1346 505 1402 DE
524 1350 758 1412 CHRONOTAXI
778 1358 837 1415 RR.
860 1360 916 1415 ΡΡ.
939 1361 985 1415 ΑΒ
1005 1361 1104 1416 ΑΝΝΟ
1125 1361 1179 1417 230
1198 1363 1246 1416 ΑΙ)
1265 1365 1324 1418 ΑΝ.
1345 1361 1401 1418 311.

416 1889 449 1970 l·
472 1905 648 1977 Pontiano
677 1899 789 2000 paulo
819 1902 982 2004 amplius
1006 1928 1123 1980 annos
1149 1903 1313 2006 quinque
1335 1899 1484 1981 attribuit

365 2024 569 2131 Catalogus
587 2033 810 2114 Liberianus
825 2042 882 2137 (1).
900 2039 1018 2141 Cujus
1035 2039 1308 2130 testimonium,
1322 2065 1364 2118 ex
1376 2061 1482 2116 coaevo

362 2163 604 2261 probabiliter
627 2169 849 2250 documento
871 2179 1087 2278 excerptum
1112 2177 1164 2275 (a),
1189 2176 1329 2278 optime
1352 2195 1480 2252 concor-

361 2293 427 2373 dat
449 2323 534 2375 cum
557 2305 790 2404 sequentium
808 2308 1365 2410 pontificatuum·chronologia,
1383 2311 1415 2384 et
1428 2303 1481 2378 uix

254 2511 256 2518 ,
360 2434 407 2511 ab
426 2459 468 2511 eo
486 2439 627 2517 recedit
643 2441 828 2520 Eusebius
845 2444 885 2520 in
902 2447 1005 2522 Hz'st.
1025 2449 1126 2520 Ecol.
1147 2447 1202 2543 (a),
1221 2443 1287 2521 ubi
1312 2437 1481 2520 sexennis

361 2569 593 2649 Pontianum
616 2575 872 2679 episcopatum
893 2553 1060 2654 tenuisse
1079 2577 1204 2654 refert.
1231 2577 1355 2655 Ceteri
1375 2577 1481 2652 autem

359 2705 521 2807 catalogi
545 2709 673 2809 graeoi‚
694 2710 895 2788 orientales
917 2718 953 2788 et
975 2711 1084 2788 latini
1102 2712 1196 2787 mire
1217 2711 1289 2788 hoc
1306 2710 1384 2788 loco
1400 2702 1480 2783 uarii

358 2843 457 2917 sunt.
487 2841 592 2918 Finis
622 2848 750 2922 autem
774 2846 1013 2948 pontificatus
1038 2845 1217 2922 Pontiani
1246 2844 1381 2922 diserte
1406 2837 1482 2918 assi-

264 3013 266 3018 *
357 2979 498 3076 gnatur
514 2977 553 3053 in
572 2977 753 3082 Catalogo
772 2987 899 3060 nostro
917 2989 965 3060 28
984 2983 1211 3085 Septembris
1228 2987 1302 3060 235
1320 2983 1368 3081 (r).

388 3253 676 3328 (r)Append.pug.lll.
722 3300 724 3305 .
947 3263 1092 3315 damnatus
1100 3264 1264 3330 pontificatu
1273 3262 1364 3324 cessit,
1374 3273 1404 3310 ne
1412 3254 1482 3307 eccla

387 3356 417 3418 (at
427 3353 514 3405 Nobis
524 3355 616 3404 tamen
624 3353 727 3418 ignoto.
739 3352 793 3404 Clr.
804 3349 910 3404 Introd.
945 3355 1293 3418 sisRomanadiupsstore
1303 3351 1373 3404 esset
1382 3345 1481 3403 orbatur,

356 3441 455 3496 Gener.
476 3441 570 3492 Tract.
591 3441 642 3492 111.
665 3441 729 3505 Cap.
752 3441 803 3491 ΙΙΙ.
825 3441 859 3492 N.
880 3443 908 3492 14
944 3443 995 3493 hoc
1008 3442 1116 3494 verode
1129 3443 1187 3505 ejus
1200 3443 1481 3505 morteperaerumnss

354 3533 427 3596 (pag.
441 3531 510 3592 209).
535 3557 542 3568 .
944 3531 974 3580 in
985 3543 1067 3596 opere
1079 3531 1183 3582 metalli
1194 3530 1247 3595 ipsi
1264 3529 1384 3580 inflictas
1399 3524 1481 3575 subse·

387 3635 417 3693 (a)
429 3631 554 3697 Append.
568 3643 632 3696 pag.
645 3621 692 3680 85.
751 3633 754 3646 '
943 3631 1007 3680 cuta
1015 3629 1059 3680 die
1068 3630 1100 3680 30
1109 3629 1203 3680 Octob.
1215 3628 1356 3691 sequentis
1364 3623 1425 3678 anni
1433 3619 1479 3672 iti·

385 3723 415 3786 tr)
438 3719 529 3780 Quum
548 3717 702 3770 Pontianus
724 3715 753 3766 in
776 3713 907 3781 Ostalogo
940 3717 996 3768 Alii
1010 3717 1136 3783 plerique
1151 3718 1285 3768 haetenus
1298 3714 1401 3782 opinati
1415 3707 1480 3762 erant

352 3809 500 3862 Liberiano
526 3808 632 3860 dicatur
656 3829 667 3850 u
695 3804 845 3856 discinctus
869 3805 907 3856 lv
941 3806 1088 3859 lectionem
1098 3807 1174 3858 Libri
1185 3807 1359 3860 pontificalis
1369 3817 1421 3857 non
1430 3807 1480 3852 osse

352 3901 417 3954 Kal.
431 3901 553 3958 Octobr„
572 3921 583 3942 n
600 3897 629 3949 in
644 3897 728 3948 Libro
745 3896 904 3948 Pontificali
938 3898 993 3949 nisi
1010 3898 1099 3963 ipsam
1116 3899 1242 3966 catalogi
1258 3898 1397 3952 Liberiani
1412 3895 1442 3946 ab
1454 3891 1479 3940 il·

352 4004 416 4043 sero
430 4012 442 4033 a
455 3989 600 4040 defunctus
608 3988 649 4039 111
659 3987 722 4038 Kal.
733 3987 779 4049 (ol.
793 3986 841 4051 id.)
852 3987 905 4038 No
939 3987 993 4039 lius
1006 3989 1082 4040 Libri
1099 3993 1213 4042 auctore
1231 3990 1399 4054 aliquantum
1414 3981 1478 4037 adul-

352 4079 453 4132 rembr.
469 4099 481 4120 w
494 4077 538 4144 (P.
553 4076 583 4128 L.
599 4078 619 4127 t.
633 4075 768 4128 cxxvii.
782 4091 807 4140 p.
823 4077 905 4142 1337),
939 4079 1065 4130 teratam.
1084 4079 1165 4146 Apud
1182 4093 1278 4132 omnes
1293 4083 1383 4132 autem
1395 4086 1478 4128 conve·

352 4169 420 4221 illud
432 4171 467 4222 de
478 4167 633 4220 voluntaria
643 4167 815 4218 abdicatione
827 4166 906 4218 intel·
940 4168 981 4220 nit
999 4169 1073 4220 diem
1086 4169 1116 4220 13
1133 4169 1261 4235 Augusti,
1282 4169 1329 4232 qui
1344 4170 1372 4219 in
1386 4161 1478 4226 Deposi-

351 4259 492 4326 ligendum
503 4273 562 4310 esse
571 4258 769 4310 arbitratusest
778 4269 813 4308 us
823 4257 908 4309 Rossr
940 4261 1012 4309 tione
1023 4257 1184 4322 Martyrum
1196 4259 1261 4324 (cfr.
1274 4256 1379 4309 Introd.
1393 4253 1476 4308 Gener-

350 4349 448 4414 (Roma
468 4348 580 4401 Sotterr.
605 4349 624 4398 t.
646 4347 672 4398 ll
693 4362 719 4412 p.
732 4349 835 4410 77-78),
856 4361 911 4410 qua
943 4362 969 4413 p.
981 4348 1038 4412 514)
1052 4347 1184 4400 Pontiani
1194 4349 1334 4400 memoriae
1343 4339 1476 4399 recolende

351 4441 504 4492 Pontianus
520 4440 553 4490 ad
571 4438 683 4490 metalla
698 4439 726 4489 in
741 4439 903 4503 perpetuum
937 4440 1106 4504 assignatur,
1130 4451 1191 4490 asse
1217 4439 1290 4491 diem
1315 4429 1476 4503 depositionis
