3170 5134
467 483 530 528 cir.
554 484 592 530 iv.
617 485 652 529 m
675 481 857 530 irremissus.
1179 465 1236 524 iii

141 652 204 736 48.
225 672 281 737 11.
301 655 489 734 Convenit
509 657 624 736 etiam
647 655 748 734 Noto
769 611 944 732 secundi.
966 593 1116 730 Etenim
1141 651 1235 757 Hip-

96 791 236 894 polytus
254 793 406 896 scripsit
427 824 434 869 :

140 944 173 1013 l⁰
196 939 434 1042 Opusculum
457 941 638 1018 adversus
661 965 791 1018 omnes
814 941 976 1016 haereses
1000 941 1056 1039 (1);

135 1089 173 1161 2⁰
195 1085 433 1189 Opusculum
455 1099 517 1182 περὶ
538 1105 588 1166 τοῦ
609 1101 717 1173 παντὸς
739 1091 791 1188 (s),
814 1087 912 1190 quod
937 1087 1052 1164 etiem
1076 1085 1233 1191 inscrip-

95 1219 167 1294 iiim
189 1225 273 1298 erat
296 1233 423 1315 περὶτῆς
443 1235 731 1310 couvenientes
756 1227 811 1322 (3);

135 1371 171 1442 3⁰
195 1367 496 1450 Commentarios
521 1373 560 1449 in
584 1373 760 1450 Genesim
785 1375 834 1468 (d.

93 1649 252 1705 Clementem
296 1655 523 1709 Alexandrinum.
574 1657 643 1708 Post
676 1657 765 1706 sdliuc
784 1655 870 1705 reiert
886 1652 1040 1711 Callistum,
1059 1651 1234 1703 Elchsseltss

93 1751 164 1801 quem
170 1743 286 1794 citatum
296 1746 334 1796 ite
343 1747 451 1811 pergit:
464 1767 476 1788 u
488 1746 570 1797 Hunc
581 1747 641 1797 imi-
673 1748 702 1798 ct
714 1747 770 1796 tres
782 1746 872 1796 sectas
883 1744 1054 1800 iudaeorum.
1068 1771 1101 1779 —
1118 1741 1234 1794 Cavilla-

94 1849 103 1866 ·
115 1833 182 1882 istus
194 1833 330 1899 Origenes
340 1837 435 1887 decem
447 1837 558 1901 scripsit
567 1835 640 1888 Siro-
673 1837 764 1888 tiones
776 1835 910 1898 quasdam
923 1847 992 1897 ques
1004 1833 1048 1883 iris
1060 1835 1233 1898 argumentis

92 1938 103 1956 w
114 1923 223 1984 matese,
236 1923 460 1976 Christianorum
472 1927 500 1976 et
518 1926 639 1990 philoso-
674 1926 801 1990 opposuit
811 1925 923 1975 Bunsen
933 1925 1067 1974 refutatas
1076 1923 1177 1975 videsis
1187 1939 1232 1990 sp.

94 2009 227 2070 -phornm
240 2012 356 2064 intense
368 2015 520 2066 sententias
533 2029 642 2081 compa·
676 2016 847 2076 Diiinmosn⁵
861 2029 887 2078 p.
899 2015 969 2065 8-14.

92 2117 184 2168 -rans,
204 2111 233 2159 et
256 2110 350 2160 omnia
373 2112 475 2162 nostrae
495 2111 640 2178 religionis
707 2115 737 2176 (s)
747 2112 822 2163 Test.
832 2111 871 2172 V,
884 2111 904 2163 3
918 2110 1052 2174 (Appeud.
1067 2123 1130 2175 pag.
1143 2105 1199 2164 edi.

93 2200 240 2266 *dogmata
257 2206 292 2256 de
308 2205 425 2258 Platone
438 2208 465 2257 et
480 2207 639 2270 Aristotele,
707 2211 738 2270 ts)
749 2207 805 2258 (iir.
825 2206 950 2270 Append.
965 2218 1028 2269 pag.
1048 2197 1092 2256 41.
1109 2204 1182 2256 Test.
1200 2204 1230 2257 8.

92 2289 248 2346 *Numenio
269 2295 445 2360 Cornutoque
462 2299 637 2348 confirmans.
665 2327 705 2334 ·-
717 2297 818 2348 Cnosos
831 2294 974 2346 contendit
984 2295 1019 2359 (p.
1034 2295 1074 2356 69)
1088 2294 1151 2346 inde
1163 2295 1233 2346 nihil

92 2401 103 2420 ν
114 2380 226 2447 Scripsit
238 2387 267 2436 et
286 2386 423 2438 Miltiades
435 2389 533 2438 contra
544 2391 641 2454 gentes
674 2401 754 2452 posse
767 2386 895 2437 concludi
907 2385 998 2448 quoad
1010 2386 1152 2436 auctorem
1166 2383 1232 2436 Phi-

92 2470 640 2541 ·volumenegregiumHtppolytusquo-
674 2478 721 2527 los.
736 2493 742 2526 :
757 2474 837 2526 multi
853 2475 936 2535 enim,
954 2473 1001 2535 sit,
1019 2472 1123 2524 similes
1138 2473 1233 2525 libris

92 2577 163 2625 nine
179 2567 206 2616 et
219 2565 396 2631 Apollonius,
414 2567 547 2619 Romanae
563 2569 641 2620 urbis
668 2567 790 2638 ¹dirersis
812 2565 971 2617 sectoribus
994 2565 1143 2629 conscripti
1167 2567 1232 2616 sunt

17 2641 18 2660 ³
92 2656 231 2717 -senator,
245 2657 359 2721 proprie
371 2657 505 2721 opuscula
514 2658 639 2708 condide·
675 2657 771 2722 [quue
792 2655 950 2718 aliqualiter
965 2654 1126 2704 confirmari
1138 2657 1231 2719 posset

17 2783 18 2822 p
92 2745 255 2808 muniam.
270 2745 302 2796 L.
315 2746 438 2797 tlsslll.
457 2761 483 2812 p.
496 2749 636 2812 meson).
672 2762 705 2798 ex
718 2748 847 2805 Essene,
861 2745 897 2796 H.
912 2743 989 2796 E.V.
1006 2747 1047 2796 27.
1061 2745 1229 2796 niiwile-

117 2833 143 2896 (1)
155 2835 229 2888 Test.
245 2839 272 2889 1.
292 2837 323 2890 8.
336 2868 367 2876 —
383 2839 461 2891 Adde
477 2841 501 2891 1.
518 2841 547 2896 2.
559 2841 587 2899 t.
601 2842 631 2902 5,
666 2839 734 2890 ximi
747 2852 856 2902 quoque
867 2837 927 2901 (sili
936 2837 1078 2902 volumine
1089 2838 1123 2888 dc
1135 2840 1230 2900 viiipa-

91 2929 134 2992 11;
153 2932 194 2984 11.
214 2935 236 2986 9
252 2933 388 2998 (Appond.
406 2949 468 3000 pag.
487 2931 588 2990 iti-22).
609 2963 641 2972 -
674 2934 1230 3000 tissimaiiiaepuohereticosquestione‚

89 3015 192 3070 Bossss
214 3023 333 3086 probare
361 3024 479 3074 conatus
501 3024 544 3074 est
568 3037 638 3088 opus
671 3024 744 3075 unde
756 3025 794 3075 sit
805 3024 907 3074 malum
921 3026 948 3075 ct
961 3025 994 3074 de
1006 3037 1039 3074 eo
1057 3023 1129 3086 quod
1143 3025 1228 3075 maie-

89 3105 224 3176 Hippolyti
233 3113 269 3164 dc
278 3126 332 3174 ouo
344 3113 403 3178 egit
414 3113 538 3165 Pnorrns
551 3113 635 3172 (Test.
671 3114 714 3166 ris
727 3115 799 3164 lecte
811 3114 849 3164 sit
861 3113 896 3179 n].
913 3142 945 3149 —
962 3113 995 3164 R.
1009 3112 1123 3163 Nullum
1136 3113 1229 3164 temen

89 3195 109 3244 l.
131 3197 160 3260 8)
179 3214 240 3250 esse
260 3200 333 3252 idem
354 3216 417 3252 cum
437 3215 520 3267 opere
542 3207 637 3254 nostro
670 3204 850 3267 potuitali'erc
861 3204 907 3265 qui
920 3205 973 3253 hoc
984 3201 1065 3252 titulo
1078 3202 1229 3266 insignitus

88 3288 376 3359 Philosophoumenon.
389 3297 425 3348 At
437 3299 512 3349 certe
524 3298 634 3349 erravit.
670 3299 760 3348 luerit.
778 3298 850 3348 citat
866 3298 976 3362 quidem
988 3295 1089 3346 librum
1101 3294 1157 3362 περὶ
1167 3294 1227 3350 xic.

17 3369 18 3374 '
89 3379 151 3432 Nam
165 3386 190 3434 1⁰
202 3385 281 3450 Opus
292 3398 308 3434 a
319 3399 348 3435 se
361 3383 462 3436 lectum
472 3389 550 3436 vocet
562 3386 634 3437 Plio-
668 3405 717 3454 μου
735 3388 783 3451 qui
798 3386 948 3437 attributus
963 3388 1006 3437 cst
1022 3386 1176 3448 Aristoteli,
1195 3389 1226 3439 li-

88 3469 136 3520 tius
150 3473 272 3523 libellum
290 3467 470 3541 ididnddpev)
489 3489 495 3523 :
516 3486 569 3536 qno
589 3488 634 3524 no·
669 3476 749 3526 brom
767 3474 883 3526 Maximi
901 3473 1068 3538 (philosophi
1082 3476 1227 3529 christiani

89 3559 153 3611 mine
168 3566 292 3626 proiecto
308 3577 364 3615 non
376 3565 549 3630 designasset
566 3577 635 3628 opus
670 3565 719 3628 qui
730 3563 832 3616 claruit
843 3565 912 3615 extr.
926 3577 981 3614 sec.
998 3563 1037 3628 ll)
1050 3563 1106 3631 περὶ
1116 3559 1182 3629 iniq
1200 3571 1227 3619 et

88 3654 162 3706 lanice
173 3658 255 3710 molis
273 3661 381 3720 quantes
393 3661 435 3710 est
446 3672 514 3722 opus
526 3657 633 3711 Phiios.
668 3660 770 3711 librum
789 3658 926 3710 Victorini
947 3660 1028 3724 (extr.
1044 3673 1099 3712 sec.
1120 3660 1172 3724 Ill)
1193 3665 1227 3713 dc

88 3769 115 3778 -
130 3747 155 3796 2⁰
166 3747 338 3812 opusculum
350 3749 423 3811 quod
438 3748 507 3812 legit
517 3748 634 3800 Photius
667 3751 772 3810 salimes
783 3751 889 3799 mundi.
902 3749 939 3798 nt
954 3749 1010 3800 hccc
1022 3749 1148 3814 exemplo
1159 3765 1224 3815 pro·

88 3835 140 3884 ersi
152 3857 164 3877 a
181 3838 314 3889 adversus
328 3838 447 3889 haereses
460 3838 529 3888 dues
545 3839 572 3888 et
584 3839 631 3888 tri·
668 3839 739 3890 lecto
749 3851 804 3889 non
812 3837 954 3907 sufficiunt
963 3839 993 3888 ut
1002 3837 1111 3888 dicatur
1121 3839 1225 3892 nullius

88 3923 165 3990 ginta,
181 3930 286 3980 iaciens
298 3929 407 3980 initium
423 3943 440 3979 e
456 3928 633 3980 Dositneanis
668 3929 800 3980 momenti
812 3941 873 3979 esse
885 3929 1078 3992 argumentum
1095 3929 1167 3990 quod
1181 3930 1226 3982 de·

89 4017 112 4064 et
122 4016 148 4067 in
165 4019 254 4071 Noeto
266 4034 299 4071 ac
309 4020 454 4072 Noetianis
466 4019 602 4070 desinens.
617 4041 629 4062 n
664 4018 774 4070 ducitur
789 4030 870 4069 exeo
891 4015 963 4078 quod
980 4017 1077 4066 auctor
1089 4014 1166 4068 Phil.
1186 4019 1225 4070 ait

90 4109 119 4160 nt
132 4123 165 4164 a.
178 4115 254 4180 Opus
269 4113 375 4167 Peiros.
386 4115 514 4166 »recenset
525 4117 632 4166 tantum
665 4127 696 4166 se
715 4113 859 4178 scripsisse
879 4113 912 4161 de
933 4114 1053 4162 tininensi
1073 4113 1225 4166 substantia

90 4207 192 4272 triginta
208 4213 335 4263 haereses.
348 4208 380 4262 1).
395 4211 491 4274 Neque
508 4209 634 4274 incipite
666 4212 693 4262 et
710 4211 783 4274 quod
796 4223 865 4274 opus
876 4209 999 4272 ejiisdem
1016 4208 1089 4259 tituli
1102 4211 1224 4262 occurrit

90 4292 262 4362 Dosithesnis,
279 4301 327 4352 scd
346 4315 363 4366 s
378 4299 538 4362 Nsassenis,
552 4299 631 4350 Dosi-
665 4301 738 4352 inter
749 4313 833 4365 opera
845 4297 996 4364 Hippolyti.

90 4395 636 4464 ihcsnosveronusqusmcitst.c.Neque
701 4399 731 4462 (i)
759 4397 833 4449 Test.
863 4398 888 4447 1.
917 4396 945 4460 2,
974 4395 1002 4460 le,
1031 4397 1053 4447 5
1086 4393 1221 4460 (Append.

92 4487 181 4546 desinit
202 4495 231 4546 in
248 4496 346 4556 Noeto.
363 4495 413 4548 sed
434 4496 497 4559 post
515 4494 634 4546 Noetum
668 4487 870 4561 psgg.18,lii).
