3132 5140
342 438 400 496 200
619 452 691 498 mss.
715 453 753 498 iv.
777 453 812 498 ns
833 453 929 500 secus.
952 453 1018 499 nov.
1041 453 1217 499 cliuusruu.

338 619 469 692 contra
492 617 641 718 eosqui
664 617 789 718 gratia
812 617 992 720 principis
1015 617 1156 707 valent,
1192 620 1238 695 ab
1265 643 1399 696 eorum
1424 615 1485 691 ini·

337 751 443 828 micis
461 756 497 829 et
514 752 660 829 aemulis
673 753 810 853 jaetari
829 753 939 830 solet.

388 943 496 1026 3.11.
517 945 625 1033 Quod
647 946 905 1048 Zephyrinum
929 947 1097 1049 pecuniae
1117 948 1271 1024 avidum
1295 947 1406 1023 donis
1428 945 1486 1020 de·
1541 999 1542 1004 ,

337 1078 519 1158 mulserit.
538 1081 684 1157 —Non
702 1080 832 1181 utique
853 1106 900 1156 ex
917 1083 996 1158 suis
1014 1083 1198 1185 pecuniis
1219 1107 1335 1185 quum
1363 1079 1484 1158 nullas

228 1303 231 1309 ¹
338 1212 503 1290 haberet.
533 1212 638 1290 Nihil
663 1213 765 1289 aliud
790 1214 908 1315 igitur
936 1214 998 1291 hie
1022 1217 1229 1317 significari
1248 1217 1409 1319 supponi
1427 1241 1483 1316 po-

336 1351 410 1423 test
435 1371 547 1448 quam
573 1329 801 1424 industrium
824 1349 996 1426 studium
1021 1351 1185 1453 positum
1217 1357 1252 1429 a'
1267 1350 1424 1430 Callisto
1447 1348 1482 1423 in
1541 1391 1542 1456 3

338 1480 556 1582 colligendis
579 1481 838 1584 eleemosynis,
866 1485 953 1560 Jam
978 1511 1068 1562 vero
1092 1485 1309 1588 hujusmodi
1333 1509 1428 1561 eura
1449 1487 1482 1556 et

339 1615 569 1693 adoffieium
592 1618 673 1719 ejus
693 1619 846 1696 omnino
868 1621 1079 1722 pertinebat
1101 1627 1138 1700 et
1155 1647 1202 1699 ex
1219 1621 1379 1726 epistola
1398 1620 1481 1698 Oor-

341 1749 428 1827 nelii
443 1751 482 1828 S.
500 1751 546 1827 Ρ.
563 1751 611 1828 ad
625 1752 787 1829 Fabium
804 1754 1084 1832 Antiochenum
1102 1755 1203 1832 eirea
1220 1757 1316 1832 med.
1337 1779 1410 1831 see.
1427 1751 1480 1828 lll

341 1885 480 1987 scripta
509 1887 546 1984 (1)
577 1910 728 1964 eernere
760 1887 849 1965 lieet
878 1889 1009 1989 quanti
1040 1891 1217 1966 momenti
1249 1913 1294 1966 ea
1321 1887 1418 1964 esset
1445 1884 1479 1960 in
1541 1901 1542 1978 g

340 2019 496 2097 ecelesia
531 2021 705 2098 Romana
735 2021 800 2098 illo
834 2027 1012 2125 tempore.
1047 2022 1174 2100 Facile
1204 2027 1329 2100 autem
1364 2017 1478 2124 potuit
1541 2045 1542 2096 3

341 2156 579 2232 adversarius
609 2157 673 2258 qui
704 2128 831 2235 omnia
861 2159 1012 2235 sinistre
1041 2160 1373 2262 interpretabatur,
1401 2177 1475 2230 ean]
1541 2163 1542 2242 i

341 2289 432 2366 vitio
466 2294 611 2367 vertere
648 2296 684 2367 et
718 2296 911 2394 tamquam
942 2293 1144 2370 avaritiam
1178 2299 1215 2368 et
1244 2292 1475 2394 cupiditatem
1541 2287 1542 2352 ξ

342 2425 521 2527 sugillare
544 2429 594 2525 (a).
1541 2415 1542 2428 ³

393 2606 430 2688 4·
453 2587 527 2692 111¹.
549 2611 671 2698 Quod,
698 2636 772 2686 non
795 2615 893 2687 reete
914 2611 1076 2686 sentiens
1095 2609 1197 2685 eirca
1214 2608 1418 2686 doctrinam
1435 2603 1474 2678 do
1541 2605 1542 2650 ³

341 2745 407 2824 SS.
443 2746 641 2834 Trinitate‚
673 2744 928 2848 Zephyriuum
957 2744 1151 2822 induxerit
1180 2743 1227 2819 ad
1264 2764 1416 2820 erronea
1442 2739 1472 2810 ot

339 2880 630 2957 contradictoria
651 2879 750 2957 eirea
774 2903 856 2956 eam
880 2878 1089 2981 profitenda
1113 2901 1240 2954 eoram
1266 2874 1413 2978 populo.
1433 2913 1473 2924 -

338 3015 389 3092 At
410 3017 541 3092 eontra
567 3014 706 3117 duplex
733 3014 801 3092 illa
824 3013 1000 3102 formula,
1028 3037 1141 3115 quam
1165 3015 1251 3088 uta
1274 3006 1472 3113 Zephyrino
1541 2999 1542 3082 Ῐ

339 3148 524 3250 prolatam
548 3149 640 3226 eitat
664 3147 893 3251 Hippolytus
917 3147 964 3224 ad
989 3145 1221 3250 probandam
1247 3169 1356 3221 suam
1378 3163 1472 3218 aoou-

339 3285 534 3374 sationem,
567 3286 797 3362 demonstrat
819 3284 1087 3390 vZephyrinum
1114 3280 1276 3357 mediam
1300 3284 1337 3357 et
1359 3295 1472 3354 veram
1541 3359 1542 3376 Ν

339 3417 441 3496 viam
463 3418 625 3495 tenuisse
653 3420 752 3496 inter
781 3418 873 3496 duos
904 3437 1051 3495 errores
1079 3416 1289 3494 contrarios
1311 3415 1375 3517 qui
1394 3415 1471 3488 tuno
1541 3413 1542 3442 ¹

338 3539 820 3654 spargebantur‚'alte1=um
856 3553 1038 3630 nimirum
1074 3574 1204 3629 eorum
1239 3549 1302 3651 qui
1333 3541 1471 3625 consul·

340 3690 624 3769 stantialitatem
650 3691 770 3768 divini
798 3692 913 3798 vVerbi
945 3715 1031 3769 eum
1062 3691 1178 3768 Patre
1212 3689 1396 3789 negabant
1422 3675 1469 3755 uel

371 4033 401 4090 (ι)
423 4030 472 4080 cit.
498 4045 558 4094 sup.
585 4029 656 4081 Diss.
683 4029 731 4080 lll.
755 4031 818 4095 Cap.
845 4031 889 4082 IV.
927 4032 995 4088 nibil
1016 4031 1141 4083 concludi
1163 4032 1253 4095 potest
1276 4043 1308 4078 ex
1329 4018 1469 4092 hujusmodi
1541 4021 1542 4024 ’

341 4121 374 4173 N·
388 4123 418 4172 27
430 4121 503 4186 (pag.
520 4121 585 4180 126).
925 4109 1087 4174 sensatione
1108 4119 1231 4188 generali
1253 4117 1363 4182 prolata
1384 4117 1413 4168 ab
1429 4108 1466 4160 ad·

372 4208 402 4270 te)
417 4209 550 4275 Arguitur
566 4211 702 4273 praeterea
717 4211 888 4276 zephyrinus
922 4213 1044 4264 versario
1057 4214 1135 4276 eiijus
1152 4206 1329 4276 opinionibus
1347 4200 1456 4262 contradi
1541 4251 1542 4292 p

338 4301 410 4362 quod
423 4299 504 4350 suerii
517 4298 645 4349 indoctus
657 4302 684 4352 et
696 4301 889 4355 definitionum
923 4305 964 4355 xit
985 4304 1156 4370 zephyrinus
1177 4303 1204 4354 et
1226 4301 1274 4365 qui
1291 4291 1465 4354 revomuere
1541 4295 1542 4340 l

338 4389 586 4442 ecclesiasticarum
621 4389 737 4454 ignarus
773 4391 887 4455 (Philon.
923 4395 1040 4460 supponi
1073 4395 1162 4461 potest
1192 4391 1347 4444 eruditione
1380 4383 1465 4457 presii-
1541 4391 1542 4440 t

340 4471 387 4523 lx·
409 4471 435 4522 11
454 4469 513 4521 init·
533 4471 657 4536 appono.
678 4487 740 4538 rae·
758 4468 814 4539 46).
837 4475 889 4528 seu
924 4476 997 4527 usse.
1199 4545 1205 4553 ·
1541 4475 1542 4552 l
