3154 5134
417 467 478 520 cie.
501 474 533 520 ιι.
558 473 606 520 en.
629 473 671 518 rr.
697 473 744 518 ιιι.
769 454 921 519 loo-250.
1186 457 1244 521 517

90 633 257 713 Eusebio
285 661 419 714 rursus
445 638 672 716 concordant
696 662 825 716 omnes
851 637 918 715 alii
944 638 1105 741 catalogi
1131 642 1244 743 graeci

89 773 126 846 et
156 771 377 861 orientales,
409 777 545 875 praeter
574 773 686 850 unius
718 773 925 876 Nicephori
956 767 1102 867 OPdni,
1133 783 1246 881 atque

89 903 189 981 inter
212 905 356 985 latinos
374 909 648 1012 Hieronymus,
669 908 745 986 imo
770 911 807 985 et
828 907 907 1011 ipse
924 909 1161 1000 Liberianus‚
1182 913 1245 990 ubi

90 1063 159 1141 pro
183 1041 262 1118 XX
286 1043 587 1121 substituendum
611 1069 692 1120 esse
709 1043 783 1120 XV
805 1043 897 1121 satis
914 1049 1072 1147 apparet
1087 1071 1133 1123 ex
1150 1046 1245 1123 indi·

90 1176 242 1253 catione
263 1179 461 1256 consulum
479 1179 543 1281 qui
561 1203 649 1256 mox
667 1178 915 1280 designantur
933 1177 1049 1256 fuisse
1068 1179 1190 1282 primo
1209 1187 1247 1258 et

90 1309 228 1388 ultimo
256 1313 370 1416 hujus
395 1315 638 1417 pontificatus
661 1314 783 1392 annis.
808 1315 942 1416 Itaque
960 1317 1057 1393 ratio
1075 1317 1246 1395 habenda

90 1469 167 1520 non
185 1450 245 1524 est
261 1448 512 1549 posteriorum
530 1449 789 1550 catalogorum
807 1448 1028 1539 latinorum,
1048 1453 1113 1554 qui
1131 1452 1246 1530 Pium

90 1584 301 1662 octodecim
329 1613 447 1666 annos
472 1589 610 1666 sedisse
636 1588 813 1666 indicant.
836 1589 1075 1692 —Denique
1095 1594 1132 1667 et
1154 1589 1245 1667 Ani-

89 1724 172 1797 ceto
192 1725 237 1822 (1)
251 1731 336 1825 post
349 1725 556 1803 Eusebium
570 1749 689 1802 annos
702 1723 875 1800 undecim
889 1723 1101 1800 attribuunt
1118 1748 1246 1800 omnes

90 1857 259 1960 catalogi
283 1861 412 1960 graeci,
435 1859 635 1937 orientales
659 1863 696 1936 et
719 1859 827 1937 latini
848 1861 901 1958 (a),
920 1863 1058 1959 praeter
1079 1858 1246 1936 Liberiu-

90 2016 185 2068 num
203 1992 244 2068 in
258 1993 329 2070 hac
347 1999 455 2097 parte
467 1994 656 2072 mutilum.

144 2177 185 2260 4.
209 2181 268 2258 Ex
286 2183 346 2260 his
371 2185 500 2288 itaque
517 2183 754 2263 concluditur
775 2181 1026 2258 chronotaxin
1045 2181 1246 2258 successio-

93 2317 152 2393 nis
180 2318 273 2398 RR.
301 2322 383 2399 ΡΡ.
411 2323 514 2399 illius
538 2318 732 2422 temporis,
752 2343 798 2396 ex
816 2316 1048 2395 documentis
1066 2316 1248 2393 hactenus

93 2451 212 2540 notis,
257 2454 311 2532 ita
353 2457 652 2558 probabilissime
693 2477 801 2556 posse
843 2453 977 2542 statui,
1022 2459 1066 2530 ut
1109 2451 1248 2529 sedisse

93 2585 272 2665 dicantur
299 2621 306 2666 :

91 2795 250 2856 brutinus
306 2797 452 2867 usquead
472 2811 519 2854 au.
571 2799 631 2853 108.
711 2795 800 2854 Soter
904 2805 996 2862 usque
1015 2791 1052 2848 ad
1072 2806 1119 2847 an.
1186 2791 1245 2847 176.

91 2893 262 2954 Alexander
404 2926 438 2936 —-
573 2897 632 2951 117.
711 2895 889 2953 Eleutherna
981 2921 1013 2930 -
1186 2891 1245 2946 190.

91 2995 209 3067 xystus
232 2998 247 3054 1
404 3025 437 3034 -·
572 2995 631 3049 127.
711 2995 818 3054 Victor
979 3018 1015 3028 -
1181 2987 1245 3044 200.

91 3096 288 3169 Telesphorus
401 3124 435 3134 -
572 3095 631 3152 139.
714 3093 894 3166 zephyr-lum
978 3115 1014 3128 -
1183 3083 1246 3138 218.

91 3195 226 3267 Hypnus
402 3225 436 3234 -
570 3196 629 3252 ua.
709 3195 854 3256 oannem
983 3215 1017 3224 —
1183 3181 1246 3237 22³-

91 3297 164 3355 Pius
399 3321 431 3332 --
569 3293 628 3350 157.
714 3295 852 3354 Urbanus
980 3309 1016 3322 ⁸·
1184 3277 1247 3333 23⁰·

92 3399 234 3460 iniectus
405 3423 439 3432 —
574 3393 632 3448 168.

128 3726 161 3793 (ι)
170 3726 258 3787 Quem
274 3725 327 3777 Pio
345 3723 565 3790 postponendum
584 3737 656 3782 esse,
690 3745 704 3767 n
717 3721 786 3774 Post
799 3718 904 3770 obitum
913 3712 1011 3765 deinde
1023 3709 1132 3761 Aniceti
1143 3717 1249 3758 succes-

97 3829 151 3866 non
173 3814 405 3881 praeponendum,
431 3817 536 3864 cerium
560 3816 601 3865 est
624 3827 658 3863 ax
693 3835 705 3858 a
719 3811 755 3862 sit
781 3808 869 3868 Soter,
891 3817 972 3867 quem
995 3799 1102 3863 excepit
1121 3795 1248 3848 Eleuthe-

96 3907 266 3960 teetimoniia
282 3905 414 3968 indubiis,
428 3904 571 3969 speciatim
589 3917 658 3954 coae—
695 3923 708 3945 π
721 3913 770 3951 rua
783 3901 807 3960 n)
820 3897 848 3948 et
859 3891 957 3945 irenaei
969 3885 1103 3954 (append.
1116 3897 1180 3950 pag.
1193 3883 1248 3946 88)-

101 4009 199 4048 vorum
211 3995 367 4062 Hegesippi
382 3997 442 4060 (Ap.
456 3996 557 4046 Eusun.
571 3991 607 4046 Η.
627 3991 663 4044 Ε.
732 3991 761 4054 ιι)
773 3989 959 4050 Hieronymus
972 3984 1073 4040 tamen
1086 3979 1116 4030 in
1128 3993 1179 4030 sua
1189 3991 1248 4028 ver-

98 4086 145 4136 lv.
164 4089 196 4138 22
217 4101 223 4136 ι
244 4109 256 4130 u
274 4085 394 4137 Romam
413 4099 478 4138 vero
497 4099 559 4136 eum
572 4085 662 4137 venis·
695 4081 773 4132 aione
782 4075 911 4129 chronici
919 4069 1077 4132 Eusebium,
1087 4069 1182 4120 decem
1191 4070 1252 4118 ian·

100 4197 112 4219 ι
127 4191 197 4239 sem,
211 4177 303 4228 mansi
314 4177 354 4228 ibi
365 4177 437 4241 apud
448 4177 605 4240 Anicetum,
618 4191 662 4227 eu·
695 4177 849 4226 iomannes
857 4167 980 4233 assignet
990 4162 1105 4215 aniceto
1116 4158 1249 4226 (Append.

100 4289 112 4309 ··
121 4271 169 4331 jus
180 4271 241 4320 tum
259 4267 393 4320 diaconus
411 4269 470 4319 erat
482 4268 658 4321 Eleutheros.
693 4281 756 4332 pag.
768 4261 825 4327 ei).
