3132 5140
169 455 233 504 oar.
258 459 289 503 n.
316 458 408 509 ornus
427 459 567 510 ocurrer.
591 458 770 508 misererer
790 457 945 514 rerumne
966 455 1003 506 ru
1024 457 1119 502 ripen.
1176 441 1235 501 ari

93 627 257 701 »autem
287 622 377 710 facit
405 623 546 703 sanitas
583 624 686 727 pacis
720 628 776 712 ut,
813 646 899 699 cum
930 621 1071 698 diutius
1107 620 1235 722 aliqua

91 797 106 828 a
126 760 348 840 obscuriora
369 765 603 864 quaeruntur,
629 766 666 839 et
692 764 844 863 propter
868 759 1113 846 conveniendi
1136 758 1232 836 diffi-

91 893 306 973 ncultatem
331 895 498 974 diversas
524 894 678 997 pariunt
701 894 741 970 in
766 892 936 972 fraterna
961 891 1232 994 disceptatione

92 1029 344 1122 ”sententiaa
375 1028 491 1105 donec
520 1027 568 1106 ad
598 1052 731 1107 verum
755 1026 942 1128 liquidum
973 1024 1229 1127 perveniatur,

91 1159 321 1238 »uinculum
350 1165 568 1264 permaneat
592 1161 761 1250 unitatis
790 1186 836 1237 ne
861 1161 901 1237 in
924 1160 1086 1263 praecisa
1111 1182 1229 1236 rema-

91 1331 104 1360 π
125 1301 212 1374 neat
229 1296 438 1376 insanabile
455 1297 593 1375 vulnus
611 1297 750 1374 erroris
772 1333 788 1362 a
811 1299 862 1395 (1).

135 1456 174 1540 4.
197 1461 377 1539 Ceterum
397 1461 602 1539 notandum
626 1465 683 1538 est
709 1492 716 1537 ε
746 1467 781 1537 1⁰
805 1459 931 1537 Aliam
953 1483 1034 1536 esse
1055 1457 1227 1559 quaestio·

88 1621 168 1674 nem
188 1603 319 1675 utrum
342 1597 554 1700 Cyprianus
579 1596 676 1672 hanc
693 1593 987 1672 controversiam
1009 1589 1229 1669 tractaverit

86 1735 291 1836 tamquam,
324 1733 456 1812 saltem
480 1733 680 1835 praecipue,
693 1731 756 1809 'ad
782 1730 980 1808 materiam
1004 1726 1090 1805 fidei
1113 1725 1226 1828 perti-

88 1874 250 1960 nentem;
283 1867 399 1946 aliam
424 1893 527 1957 vero,
558 1873 687 1946 utrum
711 1867 886 1969 explicite
915 1869 952 1942 et
974 1863 1148 1942 distincte
1170 1859 1225 1935 in-

89 2004 248 2081 tenderit
293 2003 400 2081 illam
443 2008 608 2082 tractare
647 2008 842 2104 tamquam
886 2025 966 2077 rem
1005 1997 1109 2085 fidei,
1151 2019 1224 2071 non

88 2139 305 2242 disciplinae.
340 2138 438 2216 Illud
474 2139 580 2241 prius
614 2136 735 2215 solum
764 2136 914 2213 videtur
946 2129 1223 2215 affirmandum,

88 2300 157 2352 non
179 2275 380 2379 posterius.

131 2417 169 2486 2⁰
193 2413 271 2488 Vix
301 2410 422 2511 magis
449 2408 589 2486 salvari
619 2407 859 2485 traditionem
888 2405 934 2482 de
959 2399 1226 2480 infallibilitate

89 2543 228 2622 Summi
242 2544 442 2623 Pontificio
461 2543 500 2619 in
513 2543 636 2645 prima
658 2541 842 2619 sententia
859 2561 972 2641 quam
990 2537 1029 2612 in
1047 2533 1219 2612 secunda.

88 2678 263 2760 Rationes
288 2681 387 2758 enim
415 2706 499 2783 quae
528 2681 729 2758 ostendunt
758 2679 974 2758 Romanum
1000 2672 1222 2751 Pontificem

86 2815 316 2897 infallibilem
345 2842 425 2894 esse
450 2817 491 2892 in
519 2816 795 2918 pronuntiando
826 2813 871 2889 de
897 2812 1007 2887 rebus
1033 2807 1080 2885 ad
1106 2809 1221 2883 mate-

87 2951 175 3028 riam
192 2954 279 3031 fidei
304 2951 588 3054 pertinentibus,
608 2951 747 3028 eaedem
765 2949 843 3026 fere
861 2943 1122 3023 demonstrant
1139 2940 1219 3041 ejus

85 3081 384 3164 infallibilitatem
407 3085 509 3161 cirea
529 3109 592 3163 eas
614 3089 738 3188 partes
763 3079 990 3160 universalis
1011 3074 1221 3177 disciplinae

5 3265 6 3268 κ
85 3219 172 3316 (quae
205 3219 350 3296 scilicet
382 3242 458 3295 non
491 3222 548 3295 est
580 3218 740 3295 obnoxia
781 3213 981 3294 mutationi
1016 3209 1220 3288 secundum

5 3383 6 3390 Ν
86 3351 245 3452 tempora
272 3357 309 3430 et
335 3353 428 3449 loca)
458 3378 543 3454 quae
573 3353 736 3430 maxime
765 3352 955 3429 intersunt
984 3346 1030 3424 ad
1060 3342 1219 3421 salutem

5 3645 6 3652 ἵ
113 3655 138 3715 in
150 3658 260 3721 Adverti
271 3663 407 3727 praeterea
417 3663 508 3727 potest
519 3660 546 3710 id
559 3660 627 3712 satis
660 3661 820 3726 opinionem
833 3658 1026 3716 certissimam,
1039 3652 1217 3706 contrariam-

5 3739 6 3772 i
87 3751 218 3802 usuvenire
233 3754 266 3804 ut
282 3753 329 3816 qui
343 3767 440 3804 novam
452 3752 573 3815 aliquam
586 3752 629 3804 vel
663 3765 715 3816 que
738 3751 852 3803 omnino
875 3753 904 3801 et
930 3748 1050 3814 graviter
1073 3733 1218 3798 erroneam

87 3835 168 3890 minus
179 3845 318 3909 receptam
326 3844 481 3895 doctrinam
490 3842 628 3907 proponit,
663 3843 810 3902 existimet,
828 3854 860 3892 ac
875 3853 975 3904 magna
985 3839 1010 3888 vi
1025 3839 1055 3889 in
1067 3838 1138 3887 hanc
1156 3849 1217 3887 sen-

88 3935 160 3984 lnum
177 3930 315 3998 ingratam
332 3945 392 3984 esse
404 3931 479 3983 novit
491 3931 631 3996 plerisque
664 3931 779 3982 tentiam
788 3928 853 3995 agat
865 3929 936 3994 apud
947 3941 994 3978 eos
1000 3925 1072 3991 apud
1082 3937 1150 3987 quos
1158 3923 1217 3988 ipse

88 4010 219 4070 doctorum
236 4020 281 4072 vel
299 4019 336 4070 iis
356 4020 403 4082 qui
419 4019 583 4071 auctoritate
604 4019 634 4069 in
667 4019 831 4070 auctoritate
846 4016 926 4069 valet.
946 4015 1034 4075 Certe,
1048 4011 1218 4076 inpraesenti

5 4119 6 4128 ¹
89 4111 232 4172 comagene
243 4111 370 4175 possunt,
381 4123 436 4161 non
448 4111 517 4161 adeo
529 4108 630 4160 audac·
664 4107 859 4167 controversia,
882 4104 997 4168 nonita
1016 4100 1157 4153 moderate
1177 4101 1217 4151 lo·

90 4189 208 4248 berillum
227 4200 300 4265 apud
321 4199 373 4250 hos
393 4199 559 4264 propugnet,
581 4197 631 4250 eod
666 4198 759 4262 quitur
770 4198 925 4263 Cyprianus
938 4195 1002 4245 dum
1018 4191 1115 4242 scribit
1126 4190 1216 4242 adla-

5 4275 7 4350 Γ
90 4285 159 4345 miei
169 4289 356 4341 tantummodo
368 4290 399 4339 ut
413 4302 447 4338 ea
457 4287 594 4339 toleretur
605 4288 633 4339 et
667 4287 846 4361 nuariumad
855 4285 998 4345 Quintum,
1008 4282 1042 4333 ad
1051 4281 1067 4331 J
1071 4280 1217 4331 ubaianum

5 4367 6 4370 ’
92 4373 244 4428 contrariam
261 4377 415 4429 doctrinam
432 4389 461 4426 se
480 4389 535 4426 non
555 4375 632 4425 dam·
666 4377 693 4426 et
705 4375 739 4425 ad
750 4373 923 4439 Pompeium,
936 4369 1007 4423 sicut
1018 4369 1047 4421 in
1058 4365 1218 4432 epistolaad

94 4467 150 4510 nare
164 4463 310 4532 significei3
324 4465 451 4531 quamvis
464 4465 536 4518 idem
554 4477 632 4516 suam
666 4463 844 4528 Stephanum.
