3180 5134
312 449 347 507 it
781 463 898 512 urrxno.
922 455 963 508 n.

350 635 421 692 ltem
437 635 512 692 alius
528 633 661 692 Felix-ab
673 635 833 690 Amacoora
845 631 920 690 dixit
934 653 939 689 :
956 634 992 692 nt
1004 649 1057 705 ego
1070 634 1132 704 ipse
1144 631 1262 690 secutus
1274 632 1452 691 divinarum

313 733 532 803 scripturarum
550 729 756 788 auctoritatem
773 731 960 800 baptizandos
977 731 1130 789 haereticos
1143 745 1206 787 esse
1219 743 1332 796 censeo,
1347 730 1399 786 sed
1413 729 1453 788 et

313 845 363 886 eos
376 830 426 900 qui
438 829 514 900 apud
528 827 727 886 sollismatioos
740 827 899 898 baptizatos
913 843 944 885 se
956 843 1020 884 esse
1033 827 1255 884 contendunt...

345 1051 523 1122 Pomponius
532 1063 550 1106 a
560 1049 734 1120 Dionysiana
746 1047 838 1107 dixit:
857 1049 1044 1107 Manifestum
1057 1050 1102 1106 est
1114 1049 1269 1106 haereticos
1282 1063 1338 1104 non
1351 1057 1447 1119 posse

309 1149 457 1220 baptizare
469 1150 500 1204 61
508 1148 709 1205 remissionem
718 1149 907 1219 peccatorum
917 1149 997 1217 dare,
1012 1150 1061 1221 qui
1072 1149 1247 1220 potestatem
1259 1164 1315 1206 nou
1328 1147 1447 1206 hahent

309 1249 343 1304 ut
355 1246 408 1303 aut
420 1246 535 1303 solvero
547 1246 599 1302 111
611 1246 703 1316 ligare
714 1246 823 1316 aliquid
836 1247 865 1302 in
878 1247 966 1304 terris
978 1246 1098 1318 possint.

343 1462 471 1516 lrenaeus
489 1458 525 1514 ah
546 1455 639 1513 Ululis
658 1457 754 1513 dixit:
775 1459 804 1514 Si
823 1458 888 1515 ideo
905 1459 1028 1516 ecclesia
1045 1458 1216 1518 haereticum
1233 1475 1290 1516 non
1308 1458 1444 1530 baptizat

305 1557 382 1628 quod
396 1556 511 1612 dicatur
520 1555 584 1626 jam
597 1554 757 1626 baptizatus
771 1569 844 1624 esse,
858 1556 979 1614 haeresis
991 1557 1086 1614 maior
1098 1557 1152 1614 est.

339 1764 471 1830 Zosimus
485 1778 503 1819 a
515 1762 660 1820 l'harassa
676 1762 751 1819 dixit
768 1782 783 1819 :¹
793 1763 981 1821 Revelatione
997 1763 1075 1822 iacta
1090 1763 1233 1832 veritatis,
1246 1763 1331 1821 cedet
1346 1777 1442 1820 error

302 1861 438 1930 veritati;
456 1860 525 1932 quia
539 1859 570 1916 et
586 1859 701 1930 Petrus,
719 1861 769 1930 qui
787 1861 869 1932 prius
888 1861 1124 1931 circumcidebat,
1144 1861 1231 1920 cessit
1249 1861 1341 1918 Paulo
1356 1863 1444 1918 vori-

302 1958 394 2016 tatam
406 1957 587 2030 praedicanti.

336 2167 462 2225 Faustus
481 2183 500 2224 1
517 2167 631 2225 ‘limida
649 2169 731 2240 regia
748 2169 823 2227 dixit
841 2189 847 2226 ε
865 2173 928 2226 Non
945 2170 999 2226 sihi
1017 2167 1203 2226 blandiantur
1220 2167 1269 2236 qui
1282 2165 1436 2224 haereticis

301 2265 531 2338 patrocinantur.
552 2267 606 2332 Qui
622 2282 675 2338 pro
694 2267 840 2325 haereticis
859 2267 1057 2325 ecclesiastico
1076 2265 1243 2337 baptismati
1261 2263 1434 2327 intercedit.

298 2364 365 2422 illos
378 2364 552 2423 christianos
564 2365 595 2424 et
606 2379 659 2422 nos
671 2364 825 2423 hereticos
839 2365 917 2423 iacit.

333 2571 493 2642 Therapius
507 2585 525 2628 1
537 2573 621 2629 Bulla
633 2572 727 2630 dixit:
749 2573 803 2639 Qui
822 2572 968 2631 haereticis
987 2572 1118 2629 ecclcsiae
1134 2572 1279 2642 baptisma
1290 2573 1436 2631 concedit

296 2671 327 2728 61
339 2670 447 2741 prodit,
461 2671 530 2741 quid
543 2670 622 2728 aliud
636 2686 723 2742 quam
735 2672 825 2730 iudas
839 2687 953 2744 sponsae
966 2672 1073 2730 Christi
1085 2672 1217 2729 exsistiti

331 2892 403 2951 ltem
419 2857 494 2951 alius
506 2894 588 2951 Felix
605 2908 623 2950 1
636 2896 807 2952 Bussacenis
820 2895 895 2952 dixit
909 2916 915 2952 :
931 2898 963 2952 ln
975 2895 1121 2972 hereticis
1135 2895 1197 2952 sine
1210 2894 1342 2952 ecclesia
1355 2895 1430 2965 hap-

292 2994 381 3053 tismo
394 2993 580 3051 admittendis
595 3008 679 3049 nemo
693 2993 933 3052 consuetudinem
951 2994 1058 3052 rationi
1075 2992 1105 3050 et
1122 2993 1241 3051 veritati
1260 2993 1427 3065 praeponat,

293 3094 362 3165 quia
374 3093 611 3152 consuetudinem
624 3092 743 3152 ratioet
756 3093 865 3151 veritas
878 3107 994 3165 semper
1006 3093 1144 3152 excludit.

328 3301 452 3359 Venulus
464 3317 482 3358 1
494 3303 654 3360 Rusiccade
666 3301 740 3364 dixit
755 3323 761 3359 :
777 3305 870 3360 Homo
889 3303 1044 3360 haereticus
1061 3303 1132 3360 dare
1151 3318 1208 3359 non
1227 3300 1324 3372 potest
1342 3301 1423 3370 qnod

291 3413 348 3456 non
361 3398 464 3468 habet;
479 3401 571 3458 multo
586 3403 678 3472 magis
691 3399 905 3468 schismaticus,
917 3401 966 3472 qui
976 3401 1052 3472 quod
1066 3399 1168 3458 habuit
1179 3399 1285 3458 amisit.

326 3611 491 3671 Honoratus
504 3624 522 3666 a
537 3610 654 3667 Thucca
666 3610 741 3667 dixit
759 3631 764 3666 :
782 3612 853 3667 cum
870 3609 1001 3667 Christus
1017 3609 1127 3666 veritas
1140 3609 1188 3676 sit,
1203 3611 1295 3681 magis
1308 3612 1420 3670 verita-

288 3715 348 3772 tem
370 3723 459 3783 quam
478 3707 716 3765 consuetudinem
736 3709 818 3779 sequi
843 3707 989 3776 debemus,
1011 3707 1265 3766 athanathos...
1286 3709 1421 3768 ecclesiae

288 3810 431 3883 baptismo
444 3807 669 3866 sanctificemus.

322 4018 416 4076 lulius
428 4033 447 4075 a
459 4018 579 4089 Neapoli
592 4017 666 4075 dixit
680 4039 687 4076 ε
702 4019 744 4075 Ab
759 4033 795 4076 1ο
809 4019 885 4090 quod
902 4020 991 4076 semel
1004 4019 1170 4076 censuimus
1184 4034 1241 4075 non
1254 4019 1370 4087 recedo,
1384 4023 1420 4080 ut

286 4117 440 4174 haereticos
453 4115 602 4173 venientes
614 4116 650 4173 ad
665 4116 819 4173 ecclesiam
829 4117 1019 4188 baptizemus.

322 4229 482 4298 Cyprianus
498 4240 516 4281 1
532 4225 706 4297 Carthagine
718 4226 813 4284 dixit:
831 4229 926 4283 Meam
944 4227 1117 4285 sententiam
1133 4225 1298 4297 plenissime
1320 4229 1418 4298 expri-

285 4328 339 4384 mit
364 4327 487 4398 epistola
513 4341 578 4398 quae
605 4328 642 4385 ad
673 4327 847 4384 Juhaianum
877 4327 1021 4399 collegam
1052 4327 1186 4385 nostrum
1218 4327 1329 4398 scripta
1359 4329 1416 4395 est,

158 4450 159 4457 1
284 4424 437 4492 hereticos
456 4425 614 4482 secundum
636 4425 833 4497 evangelicam
855 4425 886 4482 et
909 4426 1099 4496 apostolicam
1120 4425 1362 4497 contestationem
1386 4427 1418 4483 et
