3154 5134
315 437 373 496 516
617 449 691 497 mss.
713 449 764 495 vu.
787 449 824 493 oe
844 445 1021 494 cancrorum
1044 449 1093 494 un.
1114 449 1159 494 rr.

314 611 476 690 Eusebio
499 611 710 712 assignatos
732 633 813 686 esse
835 609 1101 712 praeferendos.
1129 609 1282 688 Etenim
1306 637 1345 685 a.
1369 611 1467 690 Eos·

313 746 398 823 dem
422 745 483 823 vel
504 769 639 848 parum
664 743 833 820 diversos
855 747 896 843 (1)
919 743 1077 820 tradunt
1103 769 1177 820 non
1201 744 1323 822 solum
1347 747 1468 823 ceteri

314 880 477 982 catalogi
506 879 619 981 graeci
645 883 682 956 et
707 876 908 955 orientales
939 877 1017 953 fere
1046 901 1187 964 omnes,
1214 878 1277 954 sed
1305 883 1342 956 et
1365 879 1469 954 inter

316 1015 471 1093 Latinos
494 1015 750 1116 Hieronymus
774 1018 825 1103 et,
851 1013 948 1114 quod
966 1013 1087 1114 magis
1105 1013 1244 1090 mirum
1262 1019 1332 1102 est,
1353 1015 1470 1093 Cata-

316 1146 425 1248 logus
451 1147 663 1224 Felicianus
689 1171 755 1223 seu
781 1147 905 1250 prima
934 1147 1098 1224 recensio
1125 1148 1230 1224 Libri
1257 1149 1468 1227 Pontifica-

320 1279 368 1357 lis
386 1283 438 1379 (a),
462 1281 533 1358 hoc
554 1280 635 1358 loco
654 1280 911 1370 Libonianum,
936 1281 1043 1382 cujus
1060 1281 1280 1384 plerumque
1303 1283 1471 1384 vestigia

317 1417 467 1518 premit,
505 1417 696 1506 deserens,
732 1420 769 1493 et
807 1421 1007 1519 praeterea,
1048 1419 1169 1519 quoad
1205 1420 1468 1521 pontificatum

317 1550 538 1640 Alexandri,
570 1551 684 1628 etiam
714 1549 909 1652 inscriptio
939 1550 1105 1628 basilicae
1135 1552 1322 1632 Paulinae.
1355 1571 1390 1637 o.
1421 1556 1470 1633 In

315 1685 419 1763 Actis
433 1685 639 1763 Alexandri
652 1685 793 1787 legitur
810 1685 871 1763 hio
885 1686 1061 1763 Pontifex
1074 1687 1203 1763 eodem
1216 1712 1316 1766 anno
1329 1691 1470 1768 obiisse

200 1924 206 1932 ι
318 1845 391 1923 quo
410 1820 597 1922 Trajanus
616 1824 653 1919 (a)
671 1824 708 1897 et
725 1821 856 1922 paucis
873 1825 960 1898 ante
972 1822 1174 1900 mensibus
1193 1822 1321 1911 Quum
1339 1825 1471 1926 itaque

315 1958 460 2032 certum
478 1955 527 2032 sit
540 1954 747 2056 Trajanum
765 1955 843 2033 fato
860 1955 1032 2034 functum
1050 1983 1130 2035 esse
1152 1982 1279 2036 mense
1291 1963 1470 2061 Augusto

319 2091 409 2170 anni
440 2099 521 2184 117,
551 2093 636 2169 inde
664 2093 833 2194 sequitur
864 2093 1127 2195 septemdecim
1161 2094 1313 2172 circiter
1347 2119 1471 2174 annos

317 2227 416 2304 inter
439 2228 583 2305 obitum
608 2226 813 2305 Clementis
835 2229 872 2304 et
890 2227 1094 2305 Alexandri
1116 2229 1206 2306 item
1223 2229 1369 2307 obitum
1387 2256 1472 2307 esse

319 2366 611 2468 computandos:
632 2366 696 2468 qui
715 2391 895 2443 numerus
915 2367 1118 2456 obtinetur,
1142 2369 1173 2444 si
1196 2393 1283 2444 cum
1302 2369 1471 2446 Eusebio

319 2506 357 2580 et
374 2500 458 2579 aliis
471 2505 558 2579 ‘octo
576 2501 727 2578 circiter
744 2501 835 2578 anni
850 2501 1040 2592 Evaristo‚
1056 2506 1093 2579 et
1109 2503 1233 2579 decem
1249 2500 1471 2580 Alexandro

216 2675 225 2701 e
319 2637 574 2740 assignantur.

369 2816 407 2899 3.
424 2817 569 2920 Hygini
593 2819 733 2904 autem,
757 2814 903 2892 Aniceti
922 2819 959 2892 et
977 2814 1038 2891 Pii
1057 2814 1297 2918 pontificatus
1315 2817 1364 2893 ad
1383 2841 1469 2894 eam

318 2959 462 3058 partem
475 2950 667 3030 Liberiani
681 2949 854 3050 Catalogi
872 2949 1060 3053 pertinent
1078 2949 1143 3026 ubi
1156 2949 1283 3025 omnia
1301 2951 1471 3026 maxime
1575 2957 1576 3042 y

316 3086 535 3190 perturbata
558 3087 646 3161 sunt
669 3087 719 3182 (r).
745 3085 795 3161 Et
813 3083 876 3160 hic
893 3083 1007 3161 etiam
1025 3109 1111 3160 cum
1129 3083 1269 3186 duplici
1292 3085 1470 3186 catalogo

319 3219 470 3298 Eusebii
492 3216 719 3302 concordant
743 3241 871 3295 omnes
893 3217 959 3294 alii
983 3217 1159 3318 catalogi,
1186 3223 1268 3295 tum
1291 3219 1409 3318 graeci
1432 3224 1472 3296 et

319 3351 532 3440 orientales,
559 3355 641 3429 tum
669 3351 793 3439 latini,
829 3356 942 3453 atque
975 3351 1055 3453 ipse
1089 3352 1203 3428 etiam
1233 3351 1467 3442 FelicianuS,

319 3485 399 3564 sola
423 3485 736 3588 chronographia
759 3490 933 3588 syntomo
956 3511 1028 3562 sec.
1056 3485 1113 3562 IX
1138 3485 1258 3586 magis
1284 3485 1332 3562 ad
1356 3486 1469 3564 Libe

319 3622 469 3699 riauum
487 3623 695 3698 accedente.
721 3621 832 3698 Unde
855 3621 1007 3698 omnino
1029 3621 1224 3722 colligitur
1251 3644 1371 3696 annos
1396 3622 1470 3697 cir-

200 3861 202 3864 ·
319 3756 412 3834 citer
429 3761 603 3858 quatuor,
623 3779 697 3830 nou
716 3758 842 3831 autem
855 3753 1043 3844 undecim,
1065 3752 1209 3855 Hygini
1228 3751 1469 3853 pontificatui

320 3917 400 3969 esse
433 3888 700 3970 attribuendos
734 3935 781 3946 -
812 3889 944 3978 Quoad
980 3888 1238 3992 pontificatum
1268 3887 1345 3976 Pii,
1378 3913 1470 3966 cum

353 4189 382 4252 (ι)
396 4188 458 4239 Uno
470 4186 577 4238 scilicet
587 4189 635 4238 aut
649 4189 684 4238 ad
696 4201 834 4240 summum
846 4190 873 4240 et
938 4189 967 4249 (r)
981 4188 1012 4239 P.
1026 4188 1057 4239 L.
1071 4189 1091 4238 t.
1105 4185 1238 4238 CXXVII.
1252 4199 1278 4248 p.
1291 4185 1363 4236 1145.

321 4277 408 4328 altaro
425 4287 507 4338 anno,
523 4275 564 4326 ita
581 4277 673 4326 tamen
689 4279 718 4328 ut
736 4278 825 4342 magis
840 4278 874 4329 ed
942 4277 972 4338 (a)
984 4277 1043 4327 Act.
1057 4275 1103 4327 SS.
1115 4277 1181 4326 tom.
1195 4275 1216 4324 1.
1230 4272 1307 4334 Maii,
1320 4287 1346 4336 p.
1361 4275 1422 4325 371.
1573 4329 1574 4338 χ

320 4363 433 4417 Eusebii
445 4377 527 4427 quam
538 4365 572 4416 ad
590 4363 732 4417 Libariaui
745 4381 874 4418 numeros
940 4365 973 4433 (4)
986 4365 1042 4417 Otr.
1059 4363 1164 4416 Introd.
1184 4363 1282 4418 Gener.
1300 4363 1394 4414 Tract.
1415 4365 1469 4419 111.
1573 4359 1574 4362 ’

322 4454 461 4508 accedant.
910 4458 976 4521 cap.
990 4455 1040 4507 111.
1054 4455 1116 4508 NN.
1132 4457 1170 4516 10,
1183 4454 1211 4507 12
1219 4455 1310 4518 (pagg.
1324 4454 1384 4516 206,
1396 4456 1470 4522 208).
1565 4521 1569 4528 ι
