3208 5150
390 451 451 500 cnr.
473 452 502 498 n.
525 447 617 498 uranu
637 449 739 495 vrcron
760 440 924 495 rnnnrnrrn
947 441 1059 492 runnu.
1252 425 1285 489 nl

125 617 276 696 fideles
306 615 458 693 illarum
487 611 743 700 ecclesiarum,
779 609 844 712 qui
874 609 969 686 forte
1001 607 1135 686 Rornae
1168 616 1291 688 essent

125 759 316 854 tempore
339 747 533 827 Paschalis
555 746 786 836 festivitatis„
812 769 896 823 eam
913 743 1118 822 secundum
1135 769 1289 823 consue·

127 888 319 964 tudinem
342 909 448 963 suam
471 884 671 972 celebrare,
692 882 861 960 Soterem
878 904 967 955 vero
991 879 1030 954 id
1053 879 1289 981 prohibuisse

131 1025 175 1097 et
196 1018 468 1120 injunxissent
484 1016 590 1094 illam
609 1016 781 1094 Romano
799 1038 903 1090 more
920 1017 1073 1114 agerent
1091 1013 1141 1111 (r).

192 1193 655 1297 humulariensem
685 1192 725 1270 S.
754 1191 800 1268 P.
835 1193 908 1288 (an.
945 1195 1115 1288 177-190)
1143 1190 1182 1267 in
1208 1191 1290 1293 ipsa

129 1331 239 1407 urbe
257 1327 549 1405 controversiam
566 1326 611 1402 de
628 1323 875 1403 celebratione
893 1323 1092 1400 Paschatis
1111 1325 1290 1402 excitavit

134 1464 304 1542 Blastus
336 1463 488 1566 quidam
522 1459 775 1538 haeresiarcha
812 1457 872 1534 vel
906 1457 1040 1534 saltem
1079 1459 1290 1537 schismati·

131 1625 211 1676 cus
237 1602 290 1697 (2).
317 1599 371 1674 De
393 1623 467 1700 quo
493 1603 628 1674 auctor
654 1619 803 1672 coaevus
829 1588 1002 1693 Gatalogi
1027 1593 1289 1671 haereticorum

136 1737 416 1812 'l'nnrunnrnnr
434 1733 530 1810 libro
548 1738 593 1809 de
603 1731 965 1829 presumptionibus
982 1731 1138 1830 subjecti
1161 1763 1167 1807 :
1189 1775 1203 1796 ω
1222 1733 1291 1810 Est

137 1905 155 1928 n
180 1871 371 1970 praeterea
395 1869 471 1966 (ait)
498 1867 557 1942 his
583 1865 755 1943 omnibus
782 1864 896 1942 etiam
917 1862 1070 1941 Blastus
1094 1865 1288 1956 accedens,

138 2041 155 2068 .-
181 2003 254 2104 qui
285 2001 442 2080 latenter
472 2001 706 2104 judaismum
738 1999 821 2077 vult
854 1999 1102 2076 introducere.
1141 2002 1291 2079 Pascha

138 2174 155 2202 .-.
182 2136 289 2212 enirn
310 2137 401 2214 dicit
422 2162 498 2213 non
521 2135 633 2213 aliter
655 2134 938 2213 custodiendum
960 2159 1040 2211 esse
1065 2135 1136 2211 nisi
1160 2162 1288 2214 secun·

138 2308 157 2336 a
182 2269 280 2346 dum
296 2269 415 2373 legem
434 2272 558 2373 Moysi
577 2271 669 2347 XIV
687 2271 826 2348 mensis
847 2307 862 2336 n
881 2274 931 2368 (a).

195 2449 237 2535 5.
261 2455 347 2531 Non
375 2453 522 2555 exiguae
551 2453 678 2555 itaque
707 2452 870 2530 rationes
900 2452 1091 2530 Victorem
1123 2455 1288 2558 impelle·

136 2591 238 2668 bant
262 2594 304 2667 ut
326 2591 477 2667 tandem
501 2589 598 2666 hanc
625 2588 869 2691 quaestionem
892 2588 1096 2668 dirimeret.
1123 2590 1154 2666 E
1174 2592 1287 2681 enim,

137 2726 398 2826 praeterquam
437 2723 534 2824 quod
575 2723 738 2800 maxime
783 2721 981 2798 dedecebat
1020 2722 1087 2800 illa
1124 2725 1288 2801 varietas

118 2855 354 2957 'disciplinae
383 2857 484 2933 circa
516 2857 802 2934 celebrationem
830 2855 966 2957 jejunii
1001 2859 1038 2932 et
1071 2855 1289 2936 festivitatis

138 2989 358 3081 Paschalis
377 3015 494 3094 eaque
510 2992 711 3093 gentilibus
734 2989 919 3068 irrisionis
941 2994 978 3067 et
1000 2990 1166 3068 scandali
1184 3017 1289 3070 occa·

138 3124 201 3200 sio
231 3148 313 3200 esse
344 3128 503 3226 poterat,
536 3125 664 3203 eadem
693 3126 807 3204 etiarn
836 3149 951 3201 causa
979 3125 1222 3205 dissensionis
1252 3136 1290 3207 et

136 3259 488 3335 controversiarum
514 3264 596 3338 erat
618 3261 717 3337 inter
743 3259 912 3336 diversas
936 3259 1125 3349 ecclesias,
1154 3262 1228 3339 imo
1253 3268 1290 3341 et

137 3395 246 3469 intra
263 3417 326 3470 eas
343 3423 351 3469 ε
370 3394 461 3471 adeo
479 3399 522 3472 ut
539 3396 753 3498 nuperrime
770 3398 915 3474 occasio
929 3395 1062 3474 fuisset
1075 3398 1288 3477 schismatis

136 3529 182 3604 in
207 3527 291 3628 ipsa
315 3527 470 3606 ecclesia
491 3531 677 3610 Romana.
705 3531 756 3609 Et
779 3530 904 3608 timeri
928 3531 1061 3609 merito
1081 3537 1289 3635 poteratne
1341 3523 1343 3532 ’

135 3688 188 3740 ex
212 3664 480 3742 consuetudine
501 3666 693 3769 hucusque
716 3666 875 3746 tolerata
900 3669 1148 3769 quarumdam
1172 3669 1287 3747 eccle-

134 3801 289 3878 siarum
318 3807 581 3902 argumentum
605 3805 841 3883 desumerent
866 3803 1033 3881 haeretici
1052 3805 1287 3906 judaizantes

168 4099 200 4162 (r)
214 4095 242 4148 N
244 4107 283 4146 ou
295 4094 364 4144 satis
376 4093 461 4158 liquet
475 4097 566 4147 utrum
579 4099 700 4161 ejusdem
733 4101 824 4164 extra).

130 4184 275 4239 cumallis
285 4183 332 4234 hic
341 4186 499 4235 memoretis
507 4187 618 4250 generis
627 4193 699 4240 esset
764 4191 794 4254 (n)
813 4189 914 4242 Ensns.
938 4189 974 4242 H.
993 4191 1028 4243 E.
1046 4192 1076 4243 V.
1094 4195 1131 4251 15,
1144 4195 1176 4243 20
1194 4193 1235 4256 (P.
1253 4194 1284 4244 G.

127 4271 334 4328 controversia
342 4285 395 4334 qua
404 4286 436 4323 co
446 4275 502 4325 rere
513 4277 636 4340 tempore
648 4276 697 4328 Le·
731 4279 749 4328 t.
761 4278 821 4330 XX.
835 4293 880 4344 pp.
892 4281 949 4340 463,
959 4282 1026 4345 483).

127 4367 287 4420 odiccnam
303 4360 450 4413 ecclesiam
462 4365 599 4414 turbatam
615 4365 698 4417 tuisse
763 4375 793 4432 na)
808 4367 839 4418 P.
855 4366 885 4418 L.
901 4371 920 4418 t.
935 4367 972 4418 ΙΙ.
986 4383 1015 4432 p.
1028 4371 1067 4418 72.
1125 4408 1129 4417 .

127 4465 277 4520 memorat
302 4463 411 4513 Mnnrro
433 4465 569 4529 (append.
594 4481 656 4532 pag.
680 4465 699 4520 9
