3132 5140
368 440 426 498 lto
644 454 714 501 nrss.
738 456 776 500 ιν.
800 452 953 501 nascens.
978 454 1042 498 snv.
1066 453 1231 500 oannrsrnn.

418 626 458 710 a
476 627 518 704 Id
535 627 711 706 ultimum
728 626 829 718 enim
842 627 934 704 satis
952 625 1144 728 colligitur
1161 651 1208 702 ex
1220 605 1490 728 exaggeratione

367 761 539 852 ridicula,
559 788 643 866 quae
661 762 846 864 reperitur
864 762 904 838 in
920 761 1158 840 accusatione
1170 763 1194 839 J
1196 761 1389 840 udaeorum
1404 765 1438 838 et
1452 784 1490 836 ex

365 897 562 986 sententia,
586 920 700 998 quam
718 895 922 974 seeundum
939 895 1045 973 illam
1062 895 1151 973 tulit
1168 896 1388 973 Fuscianus.
1405 896 1489 971 Nam

364 1032 462 1133 quod
485 1029 639 1110 humilis
656 1030 794 1133 aliquis
819 1055 951 1108 servus
975 1031 1015 1107 in
1036 1053 1229 1133 synagoga
1246 1054 1375 1108 eorum
1391 1027 1490 1105 incla-

363 1169 502 1242 masset
531 1191 570 1243 se
603 1164 854 1243 christianum
883 1189 984 1254 esse,
1016 1189 1091 1242 non
1120 1169 1203 1242 erat
1239 1165 1335 1243 ratio
1364 1189 1428 1241 cur
1453 1185 1490 1238 ea

363 1299 550 1400 gravitate
588 1303 833 1401 quererentur
872 1298 1053 1377 violatam
1094 1299 1262 1402 ipsorum
1295 1299 1489 1376 libertatem

363 1435 506 1536 patrios
537 1434 632 1512 ritus
661 1434 857 1512 exercendi
887 1465 894 1510 :
927 1435 1019 1512 satis
1050 1437 1132 1511 erat
1168 1433 1278 1510 illum
1308 1430 1488 1510 extrudere

362 1575 399 1649 et
421 1572 616 1650 dominum
642 1574 722 1675 ejus
748 1571 904 1649 'monere
934 1565 977 1648 ut
1006 1596 1093 1649 eum
1123 1571 1342 1649 contineret.
1370 1567 1437 1648 Sed
1459 1569 1489 1641 et

361 1706 558 1784 manifeste
587 1705 690 1784 ultra
719 1731 866 1784 omnem
891 1706 1044 1783 modurn
1069 1731 1200 1784 severa
1225 1705 1298 1783 luit
1323 1699 1489 1782 sententia

360 1843 553 1934 Fusciani,
590 1845 655 1947 qui
690 1849 790 1922 certe
823 1844 945 1922 officio
980 1871 1048 1923 suo
1083 1845 1228 1923 affatim
1263 1810 1490 1922 satisfecisset

360 1978 560 2058 Callistum
590 1979 751 2082 flagellis
781 2006 919 2058 caesum
949 1982 1098 2060 domino
1129 1984 1210 2086 ejus
1239 1981 1429 2060 tradendo.
1449 2019 1488 2030 -

359 2111 490 2216 Itaque
513 2139 644 2193 rursus
666 2141 712 2193 ex
730 2115 812 2218 ipsa
831 2118 1046 2196 narratione
1064 2116 1262 2220 Hippolyti
1280 2112 1486 2195 concluden-

357 2247 447 2324 dum
481 2249 630 2329 videtur
671 2274 802 2328 revera
831 2251 1047 2330 christianae
1076 2251 1318 2354 professionis
1351 2248 1487 2328 nomine

357 2379 560 2461 Callistum
577 2384 797 2461 damnatum
814 2387 940 2464 luisse.

410 2559 470 2644 10.
502 2579 576 2644 111.
605 2564 738 2651 Quoad
767 2567 956 2645 tertium:
986 2577 1021 2646 l⁰
1045 2570 1172 2648 Facile
1200 2571 1349 2650 admitti
1378 2569 1487 2672 potest

355 2720 491 2773 nornen
508 2695 669 2788 Callisti,
689 2699 837 2776 obscuri
861 2700 1004 2780 scilicet
1025 2705 1139 2794 servi,
1159 2729 1249 2782 casu
1274 2700 1488 2806 praetermis·

354 2853 439 2906 sum
480 2855 559 2908 esse
600 2831 698 2910 inter
731 2859 775 2912 ea
805 2859 889 2937 quae
915 2837 1047 2916 Victor
1077 2839 1234 2918 Marciae
1257 2839 1422 2918 tradidit.
1449 2834 1485 2910 ld

354 2969 481 3041 autem
510 2965 599 3044 data
622 2990 737 3068 opera
766 2967 909 3046 factum
938 2972 1054 3051 luisse
1085 2999 1216 3052 rursus
1245 2979 1303 3052 est
1330 2972 1487 3072 maligna

354 3098 611 3202 interpretatio
625 3101 862 3180 inimicorum
881 3107 1040 3186 Callisti.

404 3291 516 3376 11.2ο
534 3294 583 3371 Et
600 3294 699 3372 idem
717 3297 825 3374 facile
847 3305 1130 3404 supponendum
1153 3304 1198 3380 de
1219 3303 1423 3382 humilibus
1443 3298 1485 3375 iis

352 3431 523 3534 precibus
553 3455 646 3532 quas
676 3457 700 3509 a
730 3432 886 3513 Callisto
923 3439 1110 3516 adhibitas
1144 3438 1374 3540 Hippolytus
1401 3433 1485 3511 adeo

351 3571 554 3670 exaggerat
575 3605 591 3632 α
611 3572 703 3647 utet
720 3569 799 3672 ipse
816 3570 1070 3652 dimissionem
1089 3575 1285 3678 acciperet.
1306 3611 1321 3640 ε

402 3763 460 3848 12.
482 3771 522 3842 3⁰
552 3765 656 3843 Idem
690 3766 849 3871 denique
883 3775 1021 3852 certius
1055 3777 1169 3854 etiam
1193 3776 1393 3854 dicendum
1427 3771 1483 3850 ubi

349 3901 532 3981 asseritur
545 3899 678 3978 Victor
698 3901 848 3983 Callisti
880 3909 1043 3987 reditum
1062 3912 1324 3990 molestissime
1344 3911 1481 3991 tulisse.

351 4039 478 4126 Quum
511 4034 612 4112 enim
651 4037 765 4114 simul
806 4040 841 4117 id
882 4042 1138 4122 dissimulasse
1175 4047 1343 4136 dicatur,
1380 4046 1485 4125 unde
1544 4065 1545 4089 ¹

349 4156 445 4248 nam⁸
459 4168 552 4246 illud
580 4193 689 4247 nosse
711 4175 834 4275 potuit
856 4176 1108 4283 Hippolytus?
1133 4182 1213 4261 Imo
1235 4183 1333 4263 ratio
1356 4181 1484 4288 agendi

348 4305 513 4383 Victoris
542 4306 704 4400 ostendit
734 4311 859 4411 potius
895 4314 1096 4395 Callistum
1129 4320 1176 4395 ab
1205 4345 1248 4397 eo
1282 4320 1323 4397 in
1353 4341 1484 4422 magna
1543 4339 1544 4420 3

347 4439 622 4520 existimatione
644 4440 815 4523 habitum
840 4474 931 4528 esse.
961 4453 1036 4529 Vix
1057 4437 1156 4530 enim
1181 4454 1345 4534 dubitari
1370 4435 1484 4559 potest
1543 4425 1544 4475 ἰ
