3154 5134
473 471 553 520 cour.
576 471 744 521 iurrocnuu
764 471 810 521 ur.
835 460 906 520 269.
1204 437 1263 522 295

173 641 233 726 13.
255 650 296 722 2⁰
326 643 525 724 Silentium
552 649 680 723 autem
709 645 942 723 Arianorum
971 647 1086 726 etiam
1115 647 1263 727 facilius

120 779 345 883 explicatur,
364 801 480 881 quum
497 803 626 856 eorum
644 778 798 856 haeresis
812 779 852 855 in
866 779 1016 881 Synodo
1029 780 1264 860 Antiocheno

90 927 96 940 ·
120 913 259 990 diserte
287 912 466 990 damnata
482 912 541 989 ¹sit
566 942 575 988 ε
600 937 689 990 nam
711 911 866 990 haeresis
889 913 1003 992 Pauli
1030 914 1263 994 Samosateni

118 1051 273 1129 Arianae
290 1049 425 1142 similis
441 1049 642 1127 admodum
658 1053 740 1127 erat
757 1052 808 1149 (1).
1220 1029 1224 1037 ¹

170 1237 235 1322 14.
255 1246 295 1320 3⁰
318 1241 427 1330 Quod
456 1266 546 1319 vcro
575 1241 771 1344 speciatim
800 1245 944 1344 spectat
972 1243 1021 1320 ad
1044 1242 1261 1333 Eusebium,

120 1379 201 1481 ejus
218 1377 410 1455 silentium
427 1377 521 1454 nihil
539 1377 632 1455 adco
649 1377 736 1455 miri
754 1378 878 1498 habet.
901 1378 1052 1457 Etenim

168 1582 207 1631 u.
225 1550 271 1627 In
288 1549 445 1652 epistola
461 1549 508 1627 ad
526 1573 634 1628 suam
651 1548 847 1627 ecclesiam
863 1555 964 1628 certe
975 1551 1080 1630 locus
1094 1576 1169 1630 non
1182 1555 1264 1630 erat

121 1682 303 1761 afferendi
331 1681 425 1760 illud
454 1684 609 1773 factum,
637 1707 753 1786 quum
778 1683 818 1760 in
846 1708 891 1761 ea
920 1709 960 1761 se
985 1690 1137 1764 excuset
1165 1685 1263 1788 quod

121 1843 254 1897 vocem
280 1831 421 1910 doroteae
450 1818 490 1932 in
514 1817 681 1898 Concilio
705 1819 860 1896 Nicaeno
883 1813 1078 1899 admiserit
1105 1819 1264 1923 :itaque

127 1975 237 2030 suam
254 1976 405 2029 causam
418 1952 517 2030 male
529 1951 752 2031 defendisset
767 1954 1008 2033 memorando
1021 1955 1119 2033 hanc
1135 1979 1264 2034 vocem
1374 2035 1377 2041 Δ

123 2089 237 2164 antea
254 2086 294 2161 in
311 2085 461 2188 Synodo
477 2085 711 2164 Antiocheno
728 2089 965 2189 reprobatam
981 2088 1109 2167 fuisse.

90 2281 92 2289 v
169 2253 203 2318 b.
220 2237 274 2312 At
297 2235 460 2339 profecto
483 2218 756 2314 videtur'locus
780 2236 875 2316 illud
894 2239 1126 2316 memorandi
1148 2239 1265 2317 fuisse

122 2373 187 2452 ubi
208 2373 250 2449 in
268 2370 723 2455 HistoriaEcclesiastica
742 2373 915 2452 recitavit
935 2375 1108 2476 quaedam
1124 2399 1171 2452 ex
1187 2375 1263 2479 epi·

122 2507 220 2586 stola
255 2506 442 2608 Synodion
475 2508 636 2586 Patrum
668 2507 986 2586 Antiochenorum
1020 2511 1070 2608 (a).
1107 2555 1155 2565 -
1191 2510 1263 2588 Sed

123 2640 397 2718 advertendum
418 2644 474 2718 cst
490 2641 700 2718 Historiam
717 2641 1020 2720 Ecclesiasticam
1037 2645 1084 2721 ab
1102 2643 1263 2722 Eusebio

122 2774 335 2853 absolutam
357 2798 439 2851 esse
459 2779 547 2853 ante
570 2774 782 2852 Concilium
804 2775 1016 2864 Nicaenum,
1041 2800 1085 2854 ac
1109 2775 1263 2878 proinde

122 2915 324 3013 antequam
356 2915 495 2989 exortae
530 2916 653 2989 essent
686 2912 952 2990 controversiae
992 2895 1110 2990 circa
1133 2938 1264 2991 vocem

122 3058 272 3138 ὁμοούσιος.
284 3045 411 3134 Quum
422 3045 549 3148 itaque
561 3046 674 3125 citato
687 3043 767 3125 loco
781 3048 931 3125 omnino
945 3046 1112 3126 omiserit
1124 3047 1264 3125 referre

124 3181 393 3286 disputationes
406 3185 443 3259 ct
454 3182 603 3260 decreta
616 3182 756 3286 Synodi
768 3181 1025 3271 Antiochcnae,
1040 3207 1124 3284 quae
1136 3186 1263 3261 tamen

127 3316 317 3419 significat
336 3315 448 3392 simul
471 3340 558 3392 cum
578 3315 625 3393 iis
643 3341 727 3418 quae
748 3291 925 3393 eirscribit
947 3315 1061 3392 missa
1084 3317 1200 3394 fuisse
1216 3316 1263 3394 ad

126 3452 254 3531 varias
276 3450 463 3540 ecclesiae,
488 3448 584 3527 nihil
605 3450 744 3527 mirum
761 3453 817 3528 est
833 3473 919 3528 eum
936 3473 1012 3526 non
1030 3447 1203 3527 retulisse
1219 3473 1264 3528 ea

127 3614 210 3690 quae
232 3587 446 3670 dictasunt
468 3586 662 3690 speciatim
684 3587 785 3664 circa
802 3585 991 3688 praedictae
1011 3585 1115 3662 vocis
1136 3610 1259 3664 usum.

173 3783 206 3833 ο.
229 3749 340 3838 Quod
364 3752 490 3826 autem
514 3773 635 3850 neque
657 3748 720 3825 ubi
747 3748 793 3825 de
816 3747 984 3838 Concilio
1008 3746 1164 3826 Nicaeno
1187 3749 1265 3850 egit

133 3887 207 3964 Vit.
231 3885 472 3963 Constantia.
489 3883 560 3961 III.
577 3889 675 3974 423,
695 3883 900 3986 quidquam
917 3887 1099 3964 memorat
1116 3883 1161 3961 de
1177 3909 1263 3962 con·

128 4027 486 4107 demnationcvocis
508 4040 648 4121 δμοούσως
671 4053 739 4132 per
761 4027 954 4130 Synodum
976 4027 1262 4120 Antiochenam,

161 4289 191 4352 (ι)
203 4289 242 4342 Ut
254 4286 394 4353 colligitur
409 4300 443 4337 ex
454 4287 626 4340 documentis
638 4287 679 4340 in·
713 4287 832 4340 Paulum
843 4286 1060 4340 samosatenum.

130 4385 228 4438 dicatis
240 4397 324 4451 supra
336 4383 467 4446 (Prooem.
484 4383 519 4435 N.
532 4384 557 4448 4,
568 4380 607 4446 b),
619 4398 681 4450 spe·
747 4383 778 4450 (ε)
790 4385 846 4437 Gir.
857 4382 1069 4449 supraProoem.
1082 4381 1117 4435 N.
1127 4383 1152 4446 4,
1161 4395 1196 4439 a·

131 4479 224 4530 cietim
235 4489 268 4530 ex
280 4473 397 4542 epistola
407 4473 533 4540 Dionysii
550 4474 680 4526 adversus
