3208 5150
1579 267 1582 430 l

331 453 370 512 58
633 465 708 513 nrss.
731 467 752 511 r.
775 467 811 511 nu
832 467 900 513 nou.
924 465 950 512 s.
973 464 1164 512 narniense.
1581 452 1583 562 p

334 669 350 700 a
373 632 547 736 [Paulus]
572 635 724 712 veniens
749 631 1012 734 Hierosolyma
1033 656 1119 708 cum
1136 632 1327 723 Barnaha,
1347 633 1469 737 ibique
1583 626 1584 706 l

333 766 521 846 „invento
539 768 653 847 Petro
679 765 885 869 ceterisque
906 763 1096 868 apostolis
1120 789 1207 842 cum
1229 768 1253 845 J
1256 767 1371 845 acoho
1395 767 1467 845 fra·
1502 859 1505 866 ,
1584 802 1585 866 p

259 919 266 934 ·
332 933 348 964 a
369 902 427 977 tre
446 899 613 992 Domini,
639 901 835 1005 epistolam
856 899 1024 978 scribunt
1048 899 1207 1002 apostoli
1229 901 1468 1004 Antiochiam
1585 976 1586 994 ,

332 1071 348 1102 a
371 1036 505 1138 Syriae,
530 1041 572 1115 ut
594 1038 759 1116 ecclesiae
783 1062 861 1114 suae
882 1035 1125 1113 fundamenta
1142 1036 1324 1137 jacerent,
1357 1059 1468 1137 quam

333 1207 348 1238 a
371 1172 516 1250 Paulus
545 1173 625 1276 ipse
653 1179 690 1252 et
719 1174 915 1251 Barnabas
943 1169 1183 1248 Antiochiam
1211 1168 1395 1258 deferunt,
1427 1171 1469 1245 ut

251 1299 254 1308 ’
334 1305 509 1385 „habent
533 1309 640 1386 Acta.
670 1309 729 1386 Ex
754 1308 826 1384 hoc
850 1306 960 1409 plane
984 1304 1175 1406 colligitur
1195 1302 1382 1406 apostolos
1407 1327 1466 1378 ca·

333 1477 349 1508 a
370 1441 528 1520 tholioas
559 1470 647 1522 suas
673 1442 851 1547 epistolas
882 1441 1087 1544 scripsisse,
1116 1443 1317 1540 antequam
1343 1437 1369 1514 ii
1399 1437 1471 1514 dis·
1588 1500 1589 1506 Ν

332 1611 348 1640 a
368 1582 626 1677 pergerentur,
646 1577 889 1681 quantumvis
912 1577 1064 1665 Petrus
1090 1580 1133 1652 ut
1149 1573 1301 1676 quidam
1321 1571 1469 1660 volunt,

333 1743 348 1772 a
370 1709 472 1786 solus
497 1710 577 1812 ipse
607 1712 732 1790 Roma
761 1710 953 1814 scripserit
978 1747 994 1777 n
1020 1713 1070 1808 (ι).
1098 1709 1242 1812 ltaque,
1273 1711 1317 1784 ut
1345 1711 1473 1783 cetera

330 1841 546 1922 omittamus
572 1871 656 1947 quae
679 1848 720 1924 in
743 1847 843 1924 huno
866 1845 990 1923 locum
1014 1844 1159 1923 adverti
1184 1845 1353 1946 possent,
1379 1867 1471 1944 apo-

329 1975 443 2054 stolos
477 1979 671 2082 hucusque
703 1981 907 2083 disjunctos
941 2006 1015 2057 non
1047 1976 1164 2055 ¹fuisse
1198 2001 1273 2053 non
1306 1979 1473 2053 testatur

329 2116 461 2190 auctor
482 2113 670 2194 Chronioi·
684 2121 877 2219 tamquam
900 2115 1043 2219 aliquid
1066 2141 1089 2192 a
1113 2139 1152 2190 se
1171 2139 1216 2189 ex
1234 2111 1472 2188 documentis

327 2242 388 2320 vel
418 2246 619 2336 traditione
647 2254 892 2353 compertum,
925 2250 988 2326 sed
1013 2249 1204 2327 concludit
1226 2247 1320 2324 illud
1347 2271 1394 2322 ex
1424 2272 1471 2324 eo

325 2381 422 2482 quod
448 2384 592 2463 Paulus
619 2387 807 2490 apostolos
831 2386 1105 2490 Hierosolymis
1130 2387 1277 2462 coactos
1302 2382 1469 2472 invenit;

325 2518 401 2600 imo
423 2522 563 2602 fatetur
583 2527 823 2607 traditionem
840 2527 958 2631 ipsius
976 2525 1173 2604 assertioni
1195 2521 1467 2602 contradicere.

378 2705 417 2789 9.
434 2711 493 2787 Ad
513 2712 692 2792 Confirm.
714 2719 841 2793 autom
862 2717 913 2796 R.
935 2707 1108 2795 Clemens
1125 2714 1403 2792 Alexandrinus
1421 2739 1474 2792 ea

325 2868 409 2945 quae
431 2845 501 2922 hoc
524 2847 606 2926 loco
629 2848 739 2927 affert
761 2850 980 2953 desumpsit,
1005 2852 1102 2928 sicut
1119 2853 1156 2928 et
1173 2849 1293 2926 multa
1310 2849 1398 2938 alia,
1418 2875 1472 2928 ex

324 2979 541 3083 apocrypha
563 2985 843 3062 Prcedz'ootz'oac
866 2989 978 3063 Petri
981 3021 991 3078 ;
1015 3011 1131 3089 quum
1161 2989 1287 3064 autern
1316 2984 1473 3087 Apollo-

324 3112 409 3190 nius
427 3114 493 3193 illo
510 3118 694 3220 posterior
711 3120 773 3210 sit,
793 3145 839 3197 ex
856 3147 899 3198 eo
918 3121 1020 3199 fonte
1037 3121 1150 3200 ctiam
1169 3123 1339 3199 hausisse
1356 3145 1471 3198 suam

323 3248 560 3328 traditionem
586 3254 745 3356 supponi
767 3260 900 3358 potest.
922 3302 969 3313 -
987 3257 1164 3336 Ceterum
1189 3284 1235 3335 ex
1257 3259 1340 3335 Act.
1365 3258 1470 3359 Apo-

325 3385 507 3464 stolorum
529 3389 621 3466 satis
642 3391 846 3493 colligitur,
870 3394 1029 3471 Petrum
1051 3419 1138 3471 oum
1161 3395 1307 3480 Joanne
1325 3418 1364 3470 sc
1380 3418 1472 3470 con-

322 3519 454 3597 tulisse
479 3521 691 3601 Samariam
713 3530 799 3604 ante
822 3529 1102 3604 conversionem
1126 3527 1240 3604 Pauli
1259 3529 1310 3624 (a),
1329 3528 1404 3605 imo
1428 3535 1472 3606 et

324 3655 482 3732 Petrum
503 3658 606 3735 circa
628 3659 728 3737 idem
754 3665 901 3765 tempus
927 3662 1101 3740 visitasse
1124 3662 1298 3740 ecclesias
1320 3663 1470 3741 Juuaeae

323 3796 361 3870 ct
384 3791 567 3870 Samariae
590 3797 639 3893 (a).
668 3796 790 3873 Porro
814 3797 952 3874 Petrus
973 3797 1228 3899 apprehensus
1250 3799 1306 3873 cst
1322 3795 1369 3872 ab
1387 3795 1468 3872 Ho-

324 3927 413 4004 rode
429 3935 557 4006 eodem
574 3941 740 4028 ternpore
758 3957 830 4034 quo
849 3931 995 4010 Paulus
1017 3937 1054 4011 et
1071 3933 1265 4010 Barnabas
1288 3933 1468 4010 Hieroso-

321 4063 444 4167 lymas
458 4072 642 4146 venerunt
654 4067 859 4147 deferentes
873 4070 1126 4172 eleemosynas
1143 4068 1467 4148 Antioclrenorum

351 4377 380 4438 ir)
394 4377 426 4427 P.
440 4377 472 4428 G.
485 4377 505 4428 t.
519 4377 603 4430 XCII.
617 4393 644 4444 p.
657 4380 713 4432 565.
938 4381 971 4444 (a)
985 4380 1043 4432 dot.
1058 4393 1094 4432 ix.
1108 4381 1148 4439 31,
1161 4380 1201 4431 32.

351 4467 380 4528 (sl
394 4467 478 4532 Oapp.
493 4480 547 4530 vrri,
560 4480 597 4520 rx.
