3154 5134
319 427 377 486 286
693 443 761 488 mss.
787 445 826 490 u.
851 447 886 490 or
908 445 1083 492 orrrumour

318 606 369 682 Hi
399 606 438 680 in
469 606 630 707 quodam
660 597 818 710 epistola
846 610 892 688 de
921 613 1089 689 lromusz'i
1115 616 1152 688 et
1181 612 1226 688 de
1256 615 1475 688 boueoeusr'i

316 742 546 842 expositione
572 743 740 821 omnium
766 746 877 846 primi
904 749 1226 824 consubstantiale
1251 747 1298 823 ab
1330 747 1470 822 Antio-

315 875 444 952 oheuis
476 877 654 954 Patribus
689 879 907 958 damnatum
942 883 1128 960 dixerunt.
1168 883 1240 960 Sed
1275 907 1467 983 quosnam

314 1012 427 1114 hujus
447 1013 499 1088 rei
518 1018 630 1089 testes
651 1021 718 1092 aut
738 1040 823 1115 quae
840 1022 1063 1118 argumenta
1079 1016 1339 1119 protulerunt?
1359 1015 1465 1090 Nam

314 1148 425 1224 nimis
447 1173 529 1224 sero
550 1153 734 1226 venerunt
755 1173 868 1250 quam
891 1156 933 1228 ut
956 1151 1010 1227 eis
1031 1150 1153 1252 prima
1174 1147 1464 1225 denuntiatione

313 1282 402 1358 fides
421 1281 615 1358 habeatur.
638 1284 694 1360 Ne
713 1284 794 1386 ipsa
807 1285 957 1386 quidem
976 1286 1117 1388 Synodi
1135 1286 1250 1362 verba
1266 1283 1349 1361 ausi
1368 1287 1463 1358 sunt

312 1417 463 1506 reterre,
480 1417 652 1518 quamvis
666 1418 703 1493 id
717 1421 968 1498 necessarium
982 1423 1078 1496 esset
1090 1420 1130 1495 in
1143 1444 1183 1495 re
1196 1424 1271 1496 tarn
1284 1417 1461 1493 inaudita

311 1577 424 1654 quarn
446 1553 681 1634 adversarios
703 1557 906 1657 rejecturus
932 1556 1116 1659 suspicari
1142 1559 1325 1659 poterant.
1351 1553 1472 1652 oua

310 1690 418 1766 modo
444 1715 532 1791 ergo
557 1691 632 1766 illis
652 1692 697 1784 in
720 1717 759 1769 re
780 1694 827 1770 ab
849 1663 979 1770 eorum
1000 1694 1229 1796 temporibus
1252 1696 1395 1768 remota
1416 1693 1458 1766 et

308 1851 394 1902 oum
407 1826 682 1927 antiquioribus
700 1830 950 1906 monumentis
965 1832 1155 1931 pugnante
1173 1824 1387 1904 credemus?
1402 1824 1457 1900 Et

307 1963 405 2062 quod
418 1964 562 2038 tamdiu
581 1965 712 2040 Ariani
727 1965 818 2042 adeo
835 1991 986 2066 sagaces
1005 1965 1187 2067 ejusmodi
1202 1986 1326 2040 rerum
1340 1985 1456 2036 vena-

307 2101 405 2173 tores
428 2097 466 2172 in
491 2097 647 2198 epistola
670 2083 915 2176 Antiochense
938 2100 1078 2202 Synodi
1105 2124 1178 2175 non
1200 2098 1386 2184 viderunt,
1412 2097 1452 2172 id

307 2231 529 2308 Semiariani
549 2234 733 2333 quomodo
756 2235 1056 2336 investigarunt?
1075 2237 1159 2311 Non
1173 2233 1338 2311 obscuris
1352 2231 1453 2308 indi-

304 2365 373 2441 ciis
399 2366 608 2468 perspicere
630 2366 723 2443 mihi
749 2368 948 2447 videorne
972 2370 1107 2446 lectam
1132 2369 1280 2472 quidem
1305 2367 1451 2444 Semia-

304 2501 420 2577 rianis
461 2502 656 2604 epistolam
696 2503 835 2605 Synodi
879 2505 1006 2582 fuisse.
1049 2505 1111 2582 Sia
1148 2529 1210 2581 eos
1248 2499 1451 2604 compellat

305 2636 476 2713 Hilarius
494 2637 532 2712 in
550 2635 646 2712 libro
664 2637 708 2712 de
727 2631 886 2740 Synodis
904 2666 910 2710 :
937 2676 952 2704 u
974 2638 1145 2718 Secundo
1162 2660 1308 2738 quoque
1322 2637 1404 2732 (rt...
1427 2671 1445 2686 ··

305 2775 520 2874 Numquam
545 2773 615 2849 hoo
634 2772 679 2848 de
699 2773 821 2850 Paulo
836 2774 1022 2875 judicium
1046 2773 1280 2850 affluxissent
1302 2768 1447 2846 Semia-

303 2907 400 2984 riani
422 2907 665 2985 antiochenis
690 2909 880 2998 Patribus,
907 2909 938 2984 si
961 2932 1090 2985 eorum
1113 2904 1308 3008 epistolam
1332 2901 1445 3002 tegis-

302 3046 394 3118 sent.
429 3043 528 3118 Nam
558 3041 597 3117 in
627 3066 671 3117 ea
701 3045 807 3143 parte
840 3063 953 3143 quarn
988 3041 1140 3118 Eusebii
1172 3037 1367 3139 diligentia
1396 3036 1446 3111 ab

300 3177 453 3255 interitu
471 3176 693 3265 vindicavit,
713 3176 859 3253 Paulus
880 3179 1080 3253 accusatur
1097 3173 1195 3275 quod
1214 3170 1355 3248 Filium
1372 3169 1445 3244 Dei

299 3341 319 3390 e
342 3312 436 3390 coelo
460 3313 606 3388 venisse
637 3303 803 3413 negaret,
836 3311 933 3414 quod
958 3315 1103 3388 eterra
1132 3311 1257 3385 ortum
1285 3304 1441 3390 diceret,

299 3475 410 3550 seque
439 3448 478 3525 in
506 3451 671 3525 Artemae
702 3448 836 3524 haeresi
866 3446 1070 3549 plurimum
1100 3446 1275 3546 jactaret,
1303 3439 1443 3514 nedum

297 3582 406 3659 illum
423 3609 509 3660 cum
527 3584 643 3659 Patre
661 3583 915 3659 confunderet.
940 3619 956 3644 v

348 3758 386 3841 8.
423 3798 439 3826 κ
477 3763 563 3838 Non
597 3785 656 3836 me
689 3759 781 3836 latet
815 3763 963 3836 sanctos
997 3759 1132 3834 Patres
1164 3751 1441 3841 Athanasium,

174 3934 179 3944 ·
296 3896 502 3984 Hilarium,
517 3907 555 3972 et
572 3895 758 3972 Basilium
776 3895 889 3995 hujus
907 3893 995 3971 tacti
1013 3896 1125 3969 testes
1142 3889 1264 3966 citari.
1283 3887 1355 3965 Sed
1371 3887 1443 3964 im-

295 4036 427 4113 merito
449 4034 579 4111 testari
600 4034 777 4134 dicuntur
794 4033 891 4135 quod
911 4056 983 4108 non
1001 4055 1068 4106 suo
1085 4026 1236 4103 nomine
1255 4023 1442 4113 referunt,

295 4175 357 4249 sed
378 4173 425 4249 ab
443 4169 671 4249 adversariis
688 4170 872 4268 objectum
900 4168 952 4243 ita
973 4164 1180 4242 concedunt
1198 4164 1242 4236 ut
1261 4183 1335 4235 non
1360 4163 1445 4238 tam

325 4469 355 4534 (ι)
367 4467 427 4517 Vid.
442 4463 565 4530 append.
580 4477 641 4526 pag.
655 4457 702 4511 82.
