<?xml version="1.0" encoding="UTF-8"?>
<!DOCTYPE html PUBLIC "-//W3C//DTD XHTML 1.0 Transitional//EN"
    "http://www.w3.org/TR/xhtml1/DTD/xhtml1-transitional.dtd">
<html xmlns="http://www.w3.org/1999/xhtml" xml:lang="en" lang="en">
 <head>
  <title>
</title>
<meta http-equiv="Content-Type" content="text/html;charset=utf-8" />
  <meta name='ocr-system' content='tesseract 3.04.00' />
  <meta name='ocr-capabilities' content='ocr_page ocr_carea ocr_par ocr_line ocrx_word'/>
</head>
<body>
  <div class='ocr_page' id='page_1' title='image "./dissertationess00smedgoog_0268.png"; bbox 0 0 3132 5140; ppageno 0'>
   <div class='ocr_carea' id='block_1_1' title="bbox 168 421 1236 491">
    <p class='ocr_par' dir='ltr' id='par_1_1' title="bbox 168 421 1236 491">
     <span class='ocr_line' id='line_1_1' title="bbox 168 421 1236 491; baseline -0.003 -6"><span class='ocrx_word' id='word_1_1' title='bbox 168 437 235 485; x_wconf 81' lang='lat' dir='ltr'><strong>cnr.</strong></span> <span class='ocrx_word' id='word_1_2' title='bbox 259 437 301 486; x_wconf 92' lang='grc' dir='ltr'><strong>ιιι.</strong></span> <span class='ocrx_word' id='word_1_3' title='bbox 325 438 417 486; x_wconf 84' lang='lat' dir='ltr'><strong>arnan</strong></span> <span class='ocrx_word' id='word_1_4' title='bbox 438 435 597 486; x_wconf 77' lang='lat' dir='ltr'><strong>srsrnnnus</strong></span> <span class='ocrx_word' id='word_1_5' title='bbox 618 437 644 481; x_wconf 88' lang='grc' dir='ltr'><strong>ιι</strong></span> <span class='ocrx_word' id='word_1_6' title='bbox 667 431 788 491; x_wconf 74' lang='grc' dir='ltr'><strong>ιιιοιιιιι</strong></span> <span class='ocrx_word' id='word_1_7' title='bbox 810 432 940 482; x_wconf 75' lang='lat' dir='ltr'><strong>annonas</strong></span> <span class='ocrx_word' id='word_1_8' title='bbox 962 433 1112 482; x_wconf 80' lang='lat' dir='ltr'><strong>incrnsnu.</strong></span> <span class='ocrx_word' id='word_1_9' title='bbox 1177 421 1236 482; x_wconf 68' lang='lat'><strong>255</strong></span> 
     </span>
    </p>
   </div>
   <div class='ocr_carea' id='block_1_2' title="bbox 84 601 1242 2599">
    <p class='ocr_par' dir='ltr' id='par_1_2' title="bbox 84 601 1242 2599">
     <span class='ocr_line' id='line_1_2' title="bbox 85 601 1236 705; baseline 0.001 -26"><span class='ocrx_word' id='word_1_10' title='bbox 85 604 187 682; x_wconf 89' lang='lat' dir='ltr'><strong>hanc</strong></span> <span class='ocrx_word' id='word_1_11' title='bbox 220 605 300 682; x_wconf 94' lang='lat' dir='ltr'><strong>vim</strong></span> <span class='ocrx_word' id='word_1_12' title='bbox 329 605 441 682; x_wconf 88' lang='lat' dir='ltr'><strong>habet</strong></span> <span class='ocrx_word' id='word_1_13' title='bbox 467 607 510 681; x_wconf 91' lang='lat' dir='ltr'><strong>ut</strong></span> <span class='ocrx_word' id='word_1_14' title='bbox 538 627 630 705; x_wconf 91' lang='lat' dir='ltr'><strong>quos</strong></span> <span class='ocrx_word' id='word_1_15' title='bbox 655 601 800 705; x_wconf 79' lang='lat' dir='ltr'>peperit</span> <span class='ocrx_word' id='word_1_16' title='bbox 825 601 965 678; x_wconf 90' lang='lat' dir='ltr'><strong>ancilla</strong></span> <span class='ocrx_word' id='word_1_17' title='bbox 989 601 1036 678; x_wconf 94' lang='lat' dir='ltr'><strong>ad</strong></span> <span class='ocrx_word' id='word_1_18' title='bbox 1061 628 1236 704; x_wconf 86' lang='lat' dir='ltr'><strong>sponsam</strong></span> 
     </span>
     <span class='ocr_line' id='line_1_3' title="bbox 84 735 1236 840; baseline 0.003 -27"><span class='ocrx_word' id='word_1_19' title='bbox 84 736 317 836; x_wconf 86' lang='lat' dir='ltr'><strong>pertineant,</strong></span> <span class='ocrx_word' id='word_1_20' title='bbox 343 762 429 812; x_wconf 87' lang='lat' dir='ltr'><strong>curn</strong></span> <span class='ocrx_word' id='word_1_21' title='bbox 450 737 496 814; x_wconf 91' lang='lat' dir='ltr'><strong>ab</strong></span> <span class='ocrx_word' id='word_1_22' title='bbox 518 735 674 813; x_wconf 89' lang='lat' dir='ltr'><strong>ecclesia</strong></span> <span class='ocrx_word' id='word_1_23' title='bbox 691 735 965 838; x_wconf 88' lang='lat' dir='ltr'><strong>suscipiuntur;</strong></span> <span class='ocrx_word' id='word_1_24' title='bbox 987 737 1041 812; x_wconf 90' lang='lat' dir='ltr'><strong>sic</strong></span> <span class='ocrx_word' id='word_1_25' title='bbox 1064 739 1236 840; x_wconf 84' lang='lat' dir='ltr'><strong>quamvis</strong></span> 
     </span>
     <span class='ocr_line' id='line_1_4' title="bbox 84 871 1237 973; baseline 0.002 -25"><span class='ocrx_word' id='word_1_26' title='bbox 84 877 247 973; x_wconf 90' lang='lat' dir='ltr'><strong>peccata</strong></span> <span class='ocrx_word' id='word_1_27' title='bbox 272 899 349 950; x_wconf 93' lang='lat' dir='ltr'><strong>non</strong></span> <span class='ocrx_word' id='word_1_28' title='bbox 372 872 538 950; x_wconf 85' lang='lat' dir='ltr'><strong>dimittat</strong></span> <span class='ocrx_word' id='word_1_29' title='bbox 562 871 601 947; x_wconf 94' lang='lat' dir='ltr'><strong>in</strong></span> <span class='ocrx_word' id='word_1_30' title='bbox 624 871 760 948; x_wconf 84' lang='lat' dir='ltr'><strong>haeresi</strong></span> <span class='ocrx_word' id='word_1_31' title='bbox 785 873 1035 962; x_wconf 87' lang='lat' dir='ltr'><strong>manentibus,</strong></span> <span class='ocrx_word' id='word_1_32' title='bbox 1056 873 1093 950; x_wconf 92' lang='lat' dir='ltr'><strong>id</strong></span> <span class='ocrx_word' id='word_1_33' title='bbox 1111 878 1237 952; x_wconf 89' lang='lat' dir='ltr'><strong>tamen</strong></span> 
     </span>
     <span class='ocr_line' id='line_1_5' title="bbox 85 1005 1238 1110; baseline 0.001 -27"><span class='ocrx_word' id='word_1_34' title='bbox 85 1005 193 1086; x_wconf 85' lang='lat' dir='ltr'><strong>valet</strong></span> <span class='ocrx_word' id='word_1_35' title='bbox 209 1011 254 1085; x_wconf 91' lang='lat' dir='ltr'><strong>ut</strong></span> <span class='ocrx_word' id='word_1_36' title='bbox 271 1007 510 1085; x_wconf 82' lang='lat' dir='ltr'><strong>redeuntibus</strong></span> <span class='ocrx_word' id='word_1_37' title='bbox 528 1006 575 1083; x_wconf 88' lang='lat' dir='ltr'><strong>ad</strong></span> <span class='ocrx_word' id='word_1_38' title='bbox 590 1005 785 1083; x_wconf 89' lang='lat' dir='ltr'><strong>ecclesiam</strong></span> <span class='ocrx_word' id='word_1_39' title='bbox 802 1005 1053 1085; x_wconf 78' lang='lat' dir='ltr'><strong>dimittantur.</strong></span> <span class='ocrx_word' id='word_1_40' title='bbox 1075 1008 1119 1086; x_wconf 93' lang='lat' dir='ltr'><strong>Id</strong></span> <span class='ocrx_word' id='word_1_41' title='bbox 1136 1033 1238 1110; x_wconf 85' lang='lat' dir='ltr'><strong>egre-</strong></span> 
     </span>
     <span class='ocr_line' id='line_1_6' title="bbox 86 1139 1236 1242; baseline 0.004 -26"><span class='ocrx_word' id='word_1_42' title='bbox 86 1140 148 1240; x_wconf 83' lang='lat' dir='ltr'><strong>gie</strong></span> <span class='ocrx_word' id='word_1_43' title='bbox 165 1140 406 1242; x_wconf 80' lang='lat' dir='ltr'><strong>Augustinus</strong></span> <span class='ocrx_word' id='word_1_44' title='bbox 428 1139 592 1242; x_wconf 85' lang='lat' dir='ltr'><strong>explicat</strong></span> <span class='ocrx_word' id='word_1_45' title='bbox 614 1139 678 1217; x_wconf 86' lang='lat' dir='ltr'><strong>lib.</strong></span> <span class='ocrx_word' id='word_1_46' title='bbox 705 1139 735 1216; x_wconf 94' lang='grc'>1.</span> <span class='ocrx_word' id='word_1_47' title='bbox 763 1146 808 1216; x_wconf 82' lang='lat' dir='ltr'><strong>de</strong></span> <span class='ocrx_word' id='word_1_48' title='bbox 829 1145 943 1239; x_wconf 79' lang='lat' dir='ltr'><strong>Bapt.</strong></span> <span class='ocrx_word' id='word_1_49' title='bbox 969 1169 1007 1220; x_wconf 93' lang='lat' dir='ltr'><strong>n.</strong></span> <span class='ocrx_word' id='word_1_50' title='bbox 1032 1149 1076 1220; x_wconf 89' lang='grc'><strong>18</strong></span> <span class='ocrx_word' id='word_1_51' title='bbox 1101 1174 1108 1220; x_wconf 90' lang='lat'>:</span> <span class='ocrx_word' id='word_1_52' title='bbox 1133 1179 1149 1209; x_wconf 70' lang='grc' dir='ltr'><em>α</em></span> <span class='ocrx_word' id='word_1_53' title='bbox 1176 1144 1236 1220; x_wconf 93' lang='lat' dir='ltr'><strong>In-</strong></span> 
     </span>
     <span class='ocr_line' id='line_1_7' title="bbox 90 1272 1238 1376; baseline 0.003 -24"><span class='ocrx_word' id='word_1_54' title='bbox 90 1272 307 1375; x_wconf 71' lang='lat' dir='ltr'><strong>ntelligant</strong></span> <span class='ocrx_word' id='word_1_55' title='bbox 337 1274 583 1374; x_wconf 82' lang='lat' dir='ltr'><strong>(Donatistae),</strong></span> <span class='ocrx_word' id='word_1_56' title='bbox 615 1273 753 1376; x_wconf 90' lang='lat' dir='ltr'><strong>inquit,</strong></span> <span class='ocrx_word' id='word_1_57' title='bbox 781 1274 820 1349; x_wconf 90' lang='lat' dir='ltr'><strong>in</strong></span> <span class='ocrx_word' id='word_1_58' title='bbox 844 1275 1168 1354; x_wconf 84' lang='lat' dir='ltr'><strong>communionibus</strong></span> <span class='ocrx_word' id='word_1_59' title='bbox 1191 1279 1238 1355; x_wconf 88' lang='lat' dir='ltr'><strong>ab</strong></span> 
     </span>
     <span class='ocr_line' id='line_1_8' title="bbox 90 1408 1237 1512; baseline 0.003 -28"><span class='ocrx_word' id='word_1_60' title='bbox 90 1445 106 1473; x_wconf 68' lang='lat' dir='ltr'><em>n</em></span> <span class='ocrx_word' id='word_1_61' title='bbox 127 1408 291 1497; x_wconf 89' lang='lat' dir='ltr'><strong>ecclesia</strong></span> <span class='ocrx_word' id='word_1_62' title='bbox 303 1411 486 1512; x_wconf 89' lang='lat' dir='ltr'><strong>separatis</strong></span> <span class='ocrx_word' id='word_1_63' title='bbox 499 1434 607 1512; x_wconf 91' lang='lat' dir='ltr'><strong>posse</strong></span> <span class='ocrx_word' id='word_1_64' title='bbox 620 1409 789 1487; x_wconf 91' lang='lat' dir='ltr'><strong>homines</strong></span> <span class='ocrx_word' id='word_1_65' title='bbox 803 1409 999 1512; x_wconf 83' lang='lat' dir='ltr'><strong>baptizari,</strong></span> <span class='ocrx_word' id='word_1_66' title='bbox 1016 1411 1078 1489; x_wconf 91' lang='lat' dir='ltr'><strong>ubi</strong></span> <span class='ocrx_word' id='word_1_67' title='bbox 1094 1411 1237 1490; x_wconf 83' lang='lat' dir='ltr'><strong>Christi</strong></span> 
     </span>
     <span class='ocr_line' id='line_1_9' title="bbox 90 1546 1241 1648; baseline 0.001 -25"><span class='ocrx_word' id='word_1_68' title='bbox 90 1546 342 1648; x_wconf 74' lang='lat' dir='ltr'><strong>»baptismus</strong></span> <span class='ocrx_word' id='word_1_69' title='bbox 371 1548 501 1625; x_wconf 87' lang='lat' dir='ltr'><strong>eadem</strong></span> <span class='ocrx_word' id='word_1_70' title='bbox 531 1547 756 1624; x_wconf 79' lang='lat' dir='ltr'><strong>sacramenti</strong></span> <span class='ocrx_word' id='word_1_71' title='bbox 787 1546 1037 1628; x_wconf 86' lang='lat' dir='ltr'><strong>celebratione</strong></span> <span class='ocrx_word' id='word_1_72' title='bbox 1062 1548 1173 1625; x_wconf 87' lang='lat' dir='ltr'><strong>datur</strong></span> <span class='ocrx_word' id='word_1_73' title='bbox 1203 1552 1241 1625; x_wconf 88' lang='lat' dir='ltr'><strong>et</strong></span> 
     </span>
     <span class='ocr_line' id='line_1_10' title="bbox 91 1681 1238 1788; baseline 0.006 -32"><span class='ocrx_word' id='word_1_74' title='bbox 91 1715 106 1744; x_wconf 68' lang='lat' dir='ltr'><em>n</em></span> <span class='ocrx_word' id='word_1_75' title='bbox 128 1681 298 1757; x_wconf 89' lang='lat' dir='ltr'><strong>sumitur</strong></span> <span class='ocrx_word' id='word_1_76' title='bbox 318 1712 326 1758; x_wconf 77' lang='grc' dir='ltr'>ε</span> <span class='ocrx_word' id='word_1_77' title='bbox 347 1683 411 1786; x_wconf 91' lang='lat' dir='ltr'><strong>qui</strong></span> <span class='ocrx_word' id='word_1_78' title='bbox 429 1687 554 1761; x_wconf 88' lang='lat' dir='ltr'><strong>tamen</strong></span> <span class='ocrx_word' id='word_1_79' title='bbox 570 1688 661 1760; x_wconf 89' lang='lat' dir='ltr'><strong>tunc</strong></span> <span class='ocrx_word' id='word_1_80' title='bbox 678 1683 798 1786; x_wconf 86' lang='lat' dir='ltr'><strong>prosit</strong></span> <span class='ocrx_word' id='word_1_81' title='bbox 815 1683 862 1762; x_wconf 93' lang='lat' dir='ltr'><strong>ad</strong></span> <span class='ocrx_word' id='word_1_82' title='bbox 881 1685 1137 1762; x_wconf 89' lang='lat' dir='ltr'><strong>remissionem</strong></span> <span class='ocrx_word' id='word_1_83' title='bbox 1155 1709 1238 1788; x_wconf 89' lang='lat' dir='ltr'><strong>pec·</strong></span> 
     </span>
     <span class='ocr_line' id='line_1_11' title="bbox 92 1819 1239 1924; baseline 0.004 -30"><span class='ocrx_word' id='word_1_84' title='bbox 92 1823 318 1909; x_wconf 68' lang='lat' dir='ltr'><strong>nostorum,</strong></span> <span class='ocrx_word' id='word_1_85' title='bbox 350 1844 437 1896; x_wconf 90' lang='lat' dir='ltr'><strong>oum</strong></span> <span class='ocrx_word' id='word_1_86' title='bbox 466 1820 550 1922; x_wconf 90' lang='lat' dir='ltr'><strong>quis</strong></span> <span class='ocrx_word' id='word_1_87' title='bbox 577 1819 838 1898; x_wconf 90' lang='lat' dir='ltr'><strong>reconciliatus</strong></span> <span class='ocrx_word' id='word_1_88' title='bbox 873 1821 1011 1899; x_wconf 88' lang='lat' dir='ltr'><strong>unitati</strong></span> <span class='ocrx_word' id='word_1_89' title='bbox 1042 1821 1239 1924; x_wconf 85' lang='lat' dir='ltr'><strong>sacrilegio</strong></span> 
     </span>
     <span class='ocr_line' id='line_1_12' title="bbox 93 1951 1240 2057; baseline 0.004 -29"><span class='ocrx_word' id='word_1_90' title='bbox 93 1987 107 2016; x_wconf 63' lang='grc' dir='ltr'><strong>ι</strong></span> <span class='ocrx_word' id='word_1_91' title='bbox 129 1951 375 2030; x_wconf 88' lang='lat' dir='ltr'><strong>dissensionis</strong></span> <span class='ocrx_word' id='word_1_92' title='bbox 397 1955 561 2044; x_wconf 84' lang='lat' dir='ltr'><strong>exuitur,</strong></span> <span class='ocrx_word' id='word_1_93' title='bbox 585 1979 658 2056; x_wconf 91' lang='lat' dir='ltr'><strong>quo</strong></span> <span class='ocrx_word' id='word_1_94' title='bbox 683 1955 763 2056; x_wconf 87' lang='lat' dir='ltr'><strong>ejus</strong></span> <span class='ocrx_word' id='word_1_95' title='bbox 785 1959 940 2057; x_wconf 89' lang='lat' dir='ltr'><strong>peccata</strong></span> <span class='ocrx_word' id='word_1_96' title='bbox 963 1957 1187 2032; x_wconf 88' lang='lat' dir='ltr'><strong>tenebantur</strong></span> <span class='ocrx_word' id='word_1_97' title='bbox 1204 1960 1240 2033; x_wconf 91' lang='lat' dir='ltr'><strong>et</strong></span> 
     </span>
     <span class='ocr_line' id='line_1_13' title="bbox 93 2091 1239 2198; baseline 0.004 -31"><span class='ocrx_word' id='word_1_98' title='bbox 93 2127 108 2156; x_wconf 66' lang='lat' dir='ltr'><strong>n</strong></span> <span class='ocrx_word' id='word_1_99' title='bbox 130 2091 274 2171; x_wconf 88' lang='lat' dir='ltr'><strong>dimitti</strong></span> <span class='ocrx_word' id='word_1_100' title='bbox 299 2118 374 2171; x_wconf 92' lang='lat' dir='ltr'><strong>non</strong></span> <span class='ocrx_word' id='word_1_101' title='bbox 395 2094 614 2171; x_wconf 89' lang='lat' dir='ltr'><strong>sinebantur</strong></span> <span class='ocrx_word' id='word_1_102' title='bbox 638 2097 722 2192; x_wconf 66' lang='lat' dir='ltr'><strong>ab).</strong></span> <span class='ocrx_word' id='word_1_103' title='bbox 746 2095 960 2172; x_wconf 84' lang='lat' dir='ltr'><strong>Admodum</strong></span> <span class='ocrx_word' id='word_1_104' title='bbox 983 2095 1133 2197; x_wconf 92' lang='lat' dir='ltr'><strong>quidem</strong></span> <span class='ocrx_word' id='word_1_105' title='bbox 1155 2120 1239 2198; x_wconf 94' lang='lat' dir='ltr'><strong>pro-</strong></span> 
     </span>
     <span class='ocr_line' id='line_1_14' title="bbox 91 2227 1242 2331; baseline 0 -27"><span class='ocrx_word' id='word_1_106' title='bbox 91 2227 229 2305; x_wconf 90' lang='lat' dir='ltr'><strong>babilis</strong></span> <span class='ocrx_word' id='word_1_107' title='bbox 259 2233 316 2306; x_wconf 85' lang='lat' dir='ltr'><strong>cst</strong></span> <span class='ocrx_word' id='word_1_108' title='bbox 345 2228 417 2306; x_wconf 89' lang='lat' dir='ltr'><strong>ista</strong></span> <span class='ocrx_word' id='word_1_109' title='bbox 443 2228 643 2331; x_wconf 87' lang='lat' dir='ltr'><strong>explicatio</strong></span> <span class='ocrx_word' id='word_1_110' title='bbox 669 2228 835 2319; x_wconf 78' lang='lat' dir='ltr'><strong>Maroni,</strong></span> <span class='ocrx_word' id='word_1_111' title='bbox 864 2229 928 2304; x_wconf 92' lang='lat' dir='ltr'><strong>sed</strong></span> <span class='ocrx_word' id='word_1_112' title='bbox 952 2254 1027 2305; x_wconf 92' lang='lat' dir='ltr'><strong>non</strong></span> <span class='ocrx_word' id='word_1_113' title='bbox 1050 2229 1132 2305; x_wconf 92' lang='lat' dir='ltr'><strong>ideo</strong></span> <span class='ocrx_word' id='word_1_114' title='bbox 1157 2229 1242 2329; x_wconf 89' lang='lat' dir='ltr'><strong>reji-</strong></span> 
     </span>
     <span class='ocr_line' id='line_1_15' title="bbox 92 2365 1241 2468; baseline -0.001 -26"><span class='ocrx_word' id='word_1_115' title='bbox 92 2365 228 2442; x_wconf 88' lang='lat' dir='ltr'><strong>cienda</strong></span> <span class='ocrx_word' id='word_1_116' title='bbox 244 2365 347 2467; x_wconf 88' lang='lat' dir='ltr'><strong>prior</strong></span> <span class='ocrx_word' id='word_1_117' title='bbox 365 2365 576 2444; x_wconf 86' lang='lat' dir='ltr'><strong>Constantii</strong></span> <span class='ocrx_word' id='word_1_118' title='bbox 595 2395 601 2441; x_wconf 95' lang='lat'><strong>:</strong></span> <span class='ocrx_word' id='word_1_119' title='bbox 618 2365 768 2443; x_wconf 89' lang='lat' dir='ltr'><strong>videtur</strong></span> <span class='ocrx_word' id='word_1_120' title='bbox 785 2365 885 2443; x_wconf 92' lang='lat' dir='ltr'><strong>enim</strong></span> <span class='ocrx_word' id='word_1_121' title='bbox 900 2365 1127 2468; x_wconf 85' lang='lat' dir='ltr'><strong>Stephanus,</strong></span> <span class='ocrx_word' id='word_1_122' title='bbox 1143 2365 1241 2442; x_wconf 92' lang='lat' dir='ltr'><strong>sicut</strong></span> 
     </span>
     <span class='ocr_line' id='line_1_16' title="bbox 93 2497 1151 2599; baseline -0.001 -24"><span class='ocrx_word' id='word_1_123' title='bbox 93 2502 129 2575; x_wconf 89' lang='lat' dir='ltr'><strong>et</strong></span> <span class='ocrx_word' id='word_1_124' title='bbox 144 2498 399 2599; x_wconf 82' lang='lat' dir='ltr'><strong>Augustinus,</strong></span> <span class='ocrx_word' id='word_1_125' title='bbox 419 2498 528 2576; x_wconf 92' lang='lat' dir='ltr'><strong>modo</strong></span> <span class='ocrx_word' id='word_1_126' title='bbox 546 2497 630 2590; x_wconf 90' lang='lat' dir='ltr'><strong>hoc,</strong></span> <span class='ocrx_word' id='word_1_127' title='bbox 651 2498 761 2576; x_wconf 90' lang='lat' dir='ltr'><strong>modo</strong></span> <span class='ocrx_word' id='word_1_128' title='bbox 779 2498 845 2576; x_wconf 90' lang='lat' dir='ltr'><strong>illo</strong></span> <span class='ocrx_word' id='word_1_129' title='bbox 864 2523 974 2576; x_wconf 90' lang='lat' dir='ltr'><strong>sensu</strong></span> <span class='ocrx_word' id='word_1_130' title='bbox 991 2497 1151 2576; x_wconf 88' lang='lat' dir='ltr'><strong>locutus.</strong></span> 
     </span>
    </p>
   </div>
   <div class='ocr_carea' id='block_1_3' title="bbox 93 2639 1241 3062">
    <p class='ocr_par' dir='ltr' id='par_1_3' title="bbox 93 2639 1241 3062">
     <span class='ocr_line' id='line_1_17' title="bbox 143 2639 1241 2804; baseline -0.006 -33"><span class='ocrx_word' id='word_1_131' title='bbox 143 2687 185 2804; x_wconf 63' lang='lat'><strong>4.</strong></span> <span class='ocrx_word' id='word_1_132' title='bbox 205 2705 280 2770; x_wconf 86' lang='grc' dir='ltr'><strong>ΙΙΙ.</strong></span> <span class='ocrx_word' id='word_1_133' title='bbox 301 2689 409 2778; x_wconf 84' lang='lat' dir='ltr'><strong>Quod</strong></span> <span class='ocrx_word' id='word_1_134' title='bbox 428 2639 733 2767; x_wconf 79' lang='lat' dir='ltr'><strong>Conhrmationis</strong></span> <span class='ocrx_word' id='word_1_135' title='bbox 756 2694 1034 2767; x_wconf 85' lang='lat' dir='ltr'><strong>sacramentum</strong></span> <span class='ocrx_word' id='word_1_136' title='bbox 1055 2690 1102 2767; x_wconf 90' lang='lat' dir='ltr'><strong>ab</strong></span> <span class='ocrx_word' id='word_1_137' title='bbox 1125 2690 1241 2766; x_wconf 84' lang='lat' dir='ltr'><strong>haere</strong></span> 
     </span>
     <span class='ocr_line' id='line_1_18' title="bbox 93 2824 1240 2927; baseline 0.002 -27"><span class='ocrx_word' id='word_1_138' title='bbox 93 2825 175 2902; x_wconf 90' lang='lat' dir='ltr'><strong>ticis</strong></span> <span class='ocrx_word' id='word_1_139' title='bbox 199 2824 381 2902; x_wconf 88' lang='lat' dir='ltr'><strong>collatum</strong></span> <span class='ocrx_word' id='word_1_140' title='bbox 402 2824 611 2901; x_wconf 88' lang='lat' dir='ltr'><strong>invalidum</strong></span> <span class='ocrx_word' id='word_1_141' title='bbox 633 2849 676 2900; x_wconf 90' lang='lat' dir='ltr'><strong>ac</strong></span> <span class='ocrx_word' id='word_1_142' title='bbox 700 2825 856 2927; x_wconf 90' lang='lat' dir='ltr'><strong>proinde</strong></span> <span class='ocrx_word' id='word_1_143' title='bbox 874 2825 1126 2902; x_wconf 87' lang='lat' dir='ltr'><strong>reiterandum</strong></span> <span class='ocrx_word' id='word_1_144' title='bbox 1140 2825 1240 2927; x_wconf 90' lang='lat' dir='ltr'><strong>judi-</strong></span> 
     </span>
     <span class='ocr_line' id='line_1_19' title="bbox 93 2958 1241 3062; baseline 0.003 -28"><span class='ocrx_word' id='word_1_145' title='bbox 93 2959 248 3036; x_wconf 88' lang='lat' dir='ltr'><strong>caverit.</strong></span> <span class='ocrx_word' id='word_1_146' title='bbox 265 2959 466 3036; x_wconf 86' lang='lat' dir='ltr'><strong>Accusatio</strong></span> <span class='ocrx_word' id='word_1_147' title='bbox 485 2958 551 3036; x_wconf 90' lang='lat' dir='ltr'><strong>illa</strong></span> <span class='ocrx_word' id='word_1_148' title='bbox 568 2959 699 3035; x_wconf 90' lang='lat' dir='ltr'><strong>confici</strong></span> <span class='ocrx_word' id='word_1_149' title='bbox 718 2962 840 3060; x_wconf 89' lang='lat' dir='ltr'><strong>potest</strong></span> <span class='ocrx_word' id='word_1_150' title='bbox 856 2984 903 3036; x_wconf 82' lang='lat' dir='ltr'><strong>ex</strong></span> <span class='ocrx_word' id='word_1_151' title='bbox 915 2959 1039 3036; x_wconf 86' lang='lat' dir='ltr'><strong>verbis</strong></span> <span class='ocrx_word' id='word_1_152' title='bbox 1059 2958 1241 3062; x_wconf 88' lang='lat' dir='ltr'><strong>Stephani</strong></span> 
     </span>
    </p>
   </div>
   <div class='ocr_carea' id='block_1_4' title="bbox 94 3091 1244 4147">
    <p class='ocr_par' dir='ltr' id='par_1_4' title="bbox 94 3091 1244 4147">
     <span class='ocr_line' id='line_1_20' title="bbox 95 3091 1241 3195; baseline 0.002 -28"><span class='ocrx_word' id='word_1_153' title='bbox 95 3093 132 3169; x_wconf 89' lang='lat' dir='ltr'><strong>in</strong></span> <span class='ocrx_word' id='word_1_154' title='bbox 152 3118 223 3170; x_wconf 91' lang='lat' dir='ltr'><strong>suo</strong></span> <span class='ocrx_word' id='word_1_155' title='bbox 243 3092 393 3186; x_wconf 87' lang='lat' dir='ltr'><strong>decreto</strong></span> <span class='ocrx_word' id='word_1_156' title='bbox 413 3093 532 3170; x_wconf 90' lang='lat' dir='ltr'><strong>relato</strong></span> <span class='ocrx_word' id='word_1_157' title='bbox 549 3117 573 3170; x_wconf 91' lang='lat' dir='ltr'><strong>a</strong></span> <span class='ocrx_word' id='word_1_158' title='bbox 591 3091 797 3195; x_wconf 85' lang='lat' dir='ltr'><strong>Cypriane,</strong></span> <span class='ocrx_word' id='word_1_159' title='bbox 822 3092 1033 3194; x_wconf 87' lang='lat' dir='ltr'><strong>praesertim</strong></span> <span class='ocrx_word' id='word_1_160' title='bbox 1055 3093 1086 3170; x_wconf 91' lang='lat' dir='ltr'><strong>si</strong></span> <span class='ocrx_word' id='word_1_161' title='bbox 1110 3093 1241 3194; x_wconf 91' lang='lat' dir='ltr'><strong>adjun-</strong></span> 
     </span>
     <span class='ocr_line' id='line_1_21' title="bbox 94 3226 1241 3331; baseline -0.001 -26"><span class='ocrx_word' id='word_1_162' title='bbox 94 3232 231 3327; x_wconf 81' lang='lat' dir='ltr'><strong>gantur</strong></span> <span class='ocrx_word' id='word_1_163' title='bbox 252 3227 581 3331; x_wconf 88' lang='lat' dir='ltr'><strong>interpretationes</strong></span> <span class='ocrx_word' id='word_1_164' title='bbox 599 3226 781 3329; x_wconf 88' lang='lat' dir='ltr'><strong>Cypriani</strong></span> <span class='ocrx_word' id='word_1_165' title='bbox 803 3229 840 3303; x_wconf 91' lang='lat' dir='ltr'><strong>et</strong></span> <span class='ocrx_word' id='word_1_166' title='bbox 856 3226 1082 3304; x_wconf 87' lang='lat' dir='ltr'><strong>Firmiliani.</strong></span> <span class='ocrx_word' id='word_1_167' title='bbox 1103 3228 1169 3305; x_wconf 90' lang='lat' dir='ltr'><strong>Ait</strong></span> <span class='ocrx_word' id='word_1_168' title='bbox 1186 3227 1241 3304; x_wconf 93' lang='lat' dir='ltr'><strong>ni-</strong></span> 
     </span>
     <span class='ocr_line' id='line_1_22' title="bbox 96 3363 1243 3467; baseline 0.003 -30"><span class='ocrx_word' id='word_1_169' title='bbox 96 3364 233 3440; x_wconf 89' lang='lat' dir='ltr'><strong>mirum</strong></span> <span class='ocrx_word' id='word_1_170' title='bbox 268 3363 482 3466; x_wconf 88' lang='lat' dir='ltr'><strong>Stephanus</strong></span> <span class='ocrx_word' id='word_1_171' title='bbox 520 3395 527 3439; x_wconf 93' lang='lat'>:</span> <span class='ocrx_word' id='word_1_172' title='bbox 569 3401 584 3430; x_wconf 66' lang='lat' dir='ltr'><strong>a</strong></span> <span class='ocrx_word' id='word_1_173' title='bbox 623 3363 664 3441; x_wconf 92' lang='lat' dir='ltr'><strong>Si</strong></span> <span class='ocrx_word' id='word_1_174' title='bbox 699 3363 784 3465; x_wconf 90' lang='lat' dir='ltr'><strong>quis</strong></span> <span class='ocrx_word' id='word_1_175' title='bbox 823 3387 912 3465; x_wconf 87' lang='lat' dir='ltr'><strong>ergo</strong></span> <span class='ocrx_word' id='word_1_176' title='bbox 952 3389 976 3442; x_wconf 91' lang='lat' dir='ltr'><strong>a</strong></span> <span class='ocrx_word' id='word_1_177' title='bbox 1009 3389 1243 3467; x_wconf 90' lang='lat' dir='ltr'><strong>quacumque</strong></span> 
     </span>
     <span class='ocr_line' id='line_1_23' title="bbox 100 3477 1243 3602; baseline 0.004 -30"><span class='ocrx_word' id='word_1_178' title='bbox 100 3477 119 3560; x_wconf 55' lang='grc' dir='ltr'><strong>ι’</strong></span> <span class='ocrx_word' id='word_1_179' title='bbox 134 3497 269 3574; x_wconf 88' lang='lat' dir='ltr'><strong>haeresi</strong></span> <span class='ocrx_word' id='word_1_180' title='bbox 287 3499 433 3576; x_wconf 89' lang='lat' dir='ltr'><strong>venerit</strong></span> <span class='ocrx_word' id='word_1_181' title='bbox 449 3499 496 3576; x_wconf 89' lang='lat' dir='ltr'><strong>ad</strong></span> <span class='ocrx_word' id='word_1_182' title='bbox 514 3524 596 3590; x_wconf 90' lang='lat' dir='ltr'><strong>vos,</strong></span> <span class='ocrx_word' id='word_1_183' title='bbox 616 3496 713 3577; x_wconf 92' lang='lat' dir='ltr'><strong>nihil</strong></span> <span class='ocrx_word' id='word_1_184' title='bbox 732 3497 935 3576; x_wconf 87' lang='lat' dir='ltr'><strong>innovetur</strong></span> <span class='ocrx_word' id='word_1_185' title='bbox 956 3499 1029 3576; x_wconf 90' lang='lat' dir='ltr'><strong>nisi</strong></span> <span class='ocrx_word' id='word_1_186' title='bbox 1048 3499 1147 3602; x_wconf 94' lang='lat' dir='ltr'><strong>quod</strong></span> <span class='ocrx_word' id='word_1_187' title='bbox 1169 3503 1243 3577; x_wconf 90' lang='lat' dir='ltr'><strong>tra-</strong></span> 
     </span>
     <span class='ocr_line' id='line_1_24' title="bbox 100 3631 1242 3736; baseline 0 -27"><span class='ocrx_word' id='word_1_188' title='bbox 100 3633 256 3710; x_wconf 64' lang='lat' dir='ltr'><strong>nditum</strong></span> <span class='ocrx_word' id='word_1_189' title='bbox 290 3637 359 3724; x_wconf 90' lang='lat' dir='ltr'><strong>est,</strong></span> <span class='ocrx_word' id='word_1_190' title='bbox 395 3638 439 3711; x_wconf 94' lang='lat' dir='ltr'><strong>ut</strong></span> <span class='ocrx_word' id='word_1_191' title='bbox 475 3658 611 3712; x_wconf 88' lang='lat' dir='ltr'><strong>manus</strong></span> <span class='ocrx_word' id='word_1_192' title='bbox 647 3631 705 3711; x_wconf 89' lang='grc'>1111</span> <span class='ocrx_word' id='word_1_193' title='bbox 740 3631 959 3735; x_wconf 87' lang='lat' dir='ltr'><strong>imponatur</strong></span> <span class='ocrx_word' id='word_1_194' title='bbox 988 3633 1028 3710; x_wconf 93' lang='lat' dir='ltr'><strong>in</strong></span> <span class='ocrx_word' id='word_1_195' title='bbox 1062 3633 1242 3736; x_wconf 91' lang='lat' dir='ltr'><strong>poeniten-</strong></span> 
     </span>
     <span class='ocr_line' id='line_1_25' title="bbox 102 3768 1242 3873; baseline 0 -29"><span class='ocrx_word' id='word_1_196' title='bbox 102 3769 229 3845; x_wconf 69' lang='lat' dir='ltr'><strong>»tiam</strong></span> <span class='ocrx_word' id='word_1_197' title='bbox 266 3805 282 3836; x_wconf 65' lang='lat' dir='ltr'><strong><em>v</em></strong></span> <span class='ocrx_word' id='word_1_198' title='bbox 316 3773 367 3868; x_wconf 80' lang='lat' dir='ltr'><strong>(a).</strong></span> <span class='ocrx_word' id='word_1_199' title='bbox 401 3769 543 3849; x_wconf 84' lang='lat' dir='ltr'><strong>Contra</strong></span> <span class='ocrx_word' id='word_1_200' title='bbox 578 3795 662 3873; x_wconf 84' lang='lat' dir='ltr'><strong>quae</strong></span> <span class='ocrx_word' id='word_1_201' title='bbox 695 3769 824 3870; x_wconf 80' lang='lat' dir='ltr'><strong>arguit</strong></span> <span class='ocrx_word' id='word_1_202' title='bbox 859 3768 1110 3872; x_wconf 85' lang='lat' dir='ltr'><strong>Cyprianus:</strong></span> <span class='ocrx_word' id='word_1_203' title='bbox 1152 3805 1167 3834; x_wconf 67' lang='lat' dir='ltr'><strong>a</strong></span> <span class='ocrx_word' id='word_1_204' title='bbox 1202 3768 1242 3846; x_wconf 92' lang='lat' dir='ltr'><strong>Si</strong></span> 
     </span>
     <span class='ocr_line' id='line_1_26' title="bbox 103 3905 1244 4011; baseline 0.001 -30"><span class='ocrx_word' id='word_1_205' title='bbox 103 3905 312 3984; x_wconf 69' lang='lat' dir='ltr'><strong>”effectum</strong></span> <span class='ocrx_word' id='word_1_206' title='bbox 346 3909 522 4011; x_wconf 89' lang='lat' dir='ltr'><strong>baptismi</strong></span> <span class='ocrx_word' id='word_1_207' title='bbox 556 3907 745 4010; x_wconf 85' lang='lat' dir='ltr'><strong>majestati</strong></span> <span class='ocrx_word' id='word_1_208' title='bbox 785 3907 948 3984; x_wconf 90' lang='lat' dir='ltr'><strong>nominis</strong></span> <span class='ocrx_word' id='word_1_209' title='bbox 978 3905 1169 3994; x_wconf 87' lang='lat' dir='ltr'><strong>tribuunt,</strong></span> <span class='ocrx_word' id='word_1_210' title='bbox 1202 3909 1244 3982; x_wconf 90' lang='lat' dir='ltr'><strong>ut</strong></span> 
     </span>
     <span class='ocr_line' id='line_1_27' title="bbox 104 4043 1244 4147; baseline -0.003 -28"><span class='ocrx_word' id='word_1_211' title='bbox 104 4073 117 4102; x_wconf 69' lang='lat'><strong>„</strong></span> <span class='ocrx_word' id='word_1_212' title='bbox 138 4043 200 4143; x_wconf 94' lang='lat' dir='ltr'><strong>qui</strong></span> <span class='ocrx_word' id='word_1_213' title='bbox 218 4044 259 4121; x_wconf 91' lang='lat' dir='ltr'><strong>in</strong></span> <span class='ocrx_word' id='word_1_214' title='bbox 275 4044 426 4122; x_wconf 89' lang='lat' dir='ltr'><strong>nomine</strong></span> <span class='ocrx_word' id='word_1_215' title='bbox 440 4045 585 4124; x_wconf 90' lang='lat' dir='ltr'><strong>Christi</strong></span> <span class='ocrx_word' id='word_1_216' title='bbox 603 4045 829 4147; x_wconf 90' lang='lat' dir='ltr'><strong>ubicumque</strong></span> <span class='ocrx_word' id='word_1_217' title='bbox 846 4049 884 4123; x_wconf 91' lang='lat' dir='ltr'><strong>et</strong></span> <span class='ocrx_word' id='word_1_218' title='bbox 897 4043 1244 4147; x_wconf 88' lang='lat' dir='ltr'><strong>quomodocumque</strong></span> 
     </span>
    </p>
   </div>
   <div class='ocr_carea' id='block_1_5' title="bbox 133 4353 826 4515">
    <p class='ocr_par' dir='ltr' id='par_1_5' title="bbox 133 4353 826 4515">
     <span class='ocr_line' id='line_1_28' title="bbox 133 4353 826 4434; baseline 0.026 -26"><span class='ocrx_word' id='word_1_219' title='bbox 133 4357 357 4434; x_wconf 59' lang='lat' dir='ltr'><strong>(areisans.</strong></span> <span class='ocrx_word' id='word_1_220' title='bbox 690 4353 826 4424; x_wconf 75' lang='lat' dir='ltr'><strong>ras-⁶⁰)-</strong></span> 
     </span>
     <span class='ocr_line' id='line_1_29' title="bbox 135 4447 658 4515; baseline 0.01 -19"><span class='ocrx_word' id='word_1_221' title='bbox 135 4449 164 4513; x_wconf 73' lang='grc' dir='ltr'><strong>(ι)</strong></span> <span class='ocrx_word' id='word_1_222' title='bbox 176 4449 265 4515; x_wconf 83' lang='lat' dir='ltr'><strong>Epist.</strong></span> <span class='ocrx_word' id='word_1_223' title='bbox 283 4449 319 4500; x_wconf 81' lang='lat' dir='ltr'><strong>ad</strong></span> <span class='ocrx_word' id='word_1_224' title='bbox 335 4447 432 4514; x_wconf 82' lang='lat' dir='ltr'><strong>Pomp.</strong></span> <span class='ocrx_word' id='word_1_225' title='bbox 447 4450 502 4500; x_wconf 79' lang='lat' dir='ltr'><strong>al</strong></span> <span class='ocrx_word' id='word_1_226' title='bbox 521 4447 658 4515; x_wconf 82' lang='lat' dir='ltr'><strong>(Append.</strong></span> 
     </span>
    </p>
   </div>
   <div class='ocr_carea' id='block_1_6' title="bbox 0 0 1586 5140">
    <p class='ocr_par' dir='ltr' id='par_1_6' title="bbox 0 0 1586 5140">
     <span class='ocr_line' id='line_1_30' title="bbox 0 0 1586 5140; baseline 0 0"><span class='ocrx_word' id='word_1_227' title='bbox 0 0 1586 5140; x_wconf 95' lang='lat' dir='ltr'><strong> </strong></span> 
     </span>
    </p>
   </div>
  </div>
 </body>
</html>
