3132 5140
361 415 419 482 lor
623 439 695 484 nrss.
718 439 755 483 ιν.
780 437 816 482 un
837 429 934 482 accus.
959 436 1024 480 lov.
1046 431 1213 482 cuursrur.
1238 433 1359 480 naemu.

346 587 506 680 'sincera
532 603 612 680 haec
634 603 853 705 protulisse,
873 601 1047 704 quamvis
1072 603 1336 702 praeoccupata
1361 597 1466 675 odio
1498 604 1543 674 et

359 738 523 815 sinistris
540 739 586 815 de
604 739 762 818 Callisto
775 737 942 841 judiciis.
965 736 1075 814 Unde
1094 759 1244 812 necesse
1261 734 1421 811 videtur
1450 735 1542 810 sin-

275 927 278 936 .
358 871 449 972 gula
482 874 709 976 perpendere
743 879 793 963 ct,
830 872 967 951 amotis
1001 870 1378 973 interpretationibus
1419 897 1540 972 quas

359 1009 490 1082 auctor
511 1008 907 1104 Philosopboumeoon
927 1031 973 1082 ex
990 1030 1111 1108 prava
1130 1005 1245 1082 animi
1271 1004 1329 1081 sui
1351 1003 1542 1106 disposi-

358 1141 458 1217 tione
493 1141 683 1242 adjecerit,
720 1142 809 1243 quid
840 1141 942 1217 circa
967 1164 1096 1216 verani
1123 1137 1272 1216 Callisti
1304 1137 1538 1214 historiam

359 1277 443 1354 inde
461 1277 586 1381 colligi
607 1281 724 1381 possit
744 1280 997 1357 manifestare.

409 1439 449 1524 4.
474 1443 643 1521 Examen
668 1446 768 1522 istud
795 1447 833 1522 in
854 1447 930 1522 tria
952 1445 1077 1546 capita
1100 1443 1379 1520 distribuamus.
1408 1443 1537 1530 Quo-

360 1601 443 1653 rum
467 1578 632 1679 primum
657 1605 702 1656 ea
719 1579 980 1682 complectitur
997 1605 1081 1681 quae
1099 1577 1280 1656 Callistus
1298 1579 1427 1679 egisse
1452 1581 1538 1655 fer-

358 1716 421 1785 tur
445 1717 532 1788 ante
558 1713 826 1790 Pontificatum
854 1713 1074 1816 Zephyrini;
1102 1712 1307 1788 secundum
1330 1737 1448 1800 vero,
1483 1739 1536 1788 ea

358 1874 442 1950 quae
472 1849 685 1951 Zephyrino
713 1853 751 1928 S.
786 1853 831 1928 Ρ.
862 1877 979 1953 usque
1008 1851 1055 1927 ad
1082 1875 1189 1927 suam
1216 1850 1254 1926 in
1281 1851 1531 1928 Pontificem

358 1984 596 2074 electionem
629 1987 782 2064 tertium
813 1988 984 2090 denique,
1013 2012 1057 2064 ea
1090 2012 1174 2088 quae
1211 1986 1289 2087 ipse
1325 1985 1532 2063 Summus

261 2121 264 2128 '
358 2119 536 2196 Pontifex
568 2145 640 2197 non
675 2127 774 2199 recte
808 2123 939 2199 fecisse
973 2121 1032 2198 vel
1066 2121 1280 2223 permisisse
1313 2121 1524 2221 arguitur.

359 2255 551 2332 Praeterea
574 2261 707 2357 quarto
731 2259 853 2362 capite
876 2259 1087 2336 notabimus
1117 2283 1202 2359 quae
1231 2283 1277 2333 ex
1303 2256 1396 2358 ipsis
1424 2283 1529 2334 aue-

356 2391 448 2467 toris
473 2393 591 2468 nostri
616 2395 917 2472 accusationibus
940 2394 978 2470 in
997 2393 1145 2470 laudem
1164 2391 1330 2468 ecclesiae
1348 2395 1385 2466 et
1405 2393 1525 2468 Pon-

355 2525 499 2602 tificum
520 2529 779 2607 Romanorum
798 2557 928 2608 cruere
947 2531 1068 2608 liceat.
