3208 5150
318 469 357 528 la
622 482 691 528 uss.
716 485 736 528 ι.
759 483 794 528 nn
816 483 885 530 nou.
908 484 934 530 s.
957 484 1038 530 rerer
1061 483 1147 530 ense.

318 649 473 752 metipso
499 647 630 725 fecisse
655 648 878 750 exemplum.
908 647 958 727 Et
979 674 1069 726 sane
1090 675 1176 727 oum
1205 650 1489 730 ordinationes

318 780 394 857 illae
421 781 552 883 primis
580 781 758 860 seculis..
788 806 833 858 ex
859 782 948 859 cleri
978 788 1015 861 et
1043 783 1171 886 populi
1203 785 1488 887 acceptatione

317 917 532 1019 penderent,
569 916 774 995 rectissime
803 916 850 993 ad
885 917 1033 995 easdem
1063 917 1335 1020 designabatur
1367 919 1485 1010 dies,

318 1076 391 1153 quo
415 1050 574 1154 populus
596 1052 643 1128 ab
660 1075 769 1153 opere
792 1051 948 1129 feriatus
971 1057 1217 1130 consueverat
1237 1052 1283 1129 ad
1302 1077 1480 1131 sacra...

316 1185 529 1289 peragenda
550 1186 759 1264 convenire.
784 1223 799 1252 n
821 1233 868 1244 —
885 1188 1028 1264 Verum
1051 1189 1324 1266 credendumne
1341 1195 1404 1268 est
1426 1217 1487 1270 ea

317 1321 551 1400 solemnitate
580 1321 833 1424 episcopatum
868 1323 1003 1401 Romae
1036 1327 1251 1425 susceptum
1286 1322 1408 1400 fuisse
1452 1352 1487 1404 a

317 1460 432 1536 Petro
463 1481 537 1558 qua
565 1463 694 1559 postea
723 1483 746 1534 a
770 1457 902 1534 ceteris
928 1457 1124 1559 episcopie,
1158 1462 1269 1558 atque
1298 1457 1345 1534 ad
1378 1461 1483 1560 ejus

315 1593 531 1670 electionem
549 1591 781 1668 concurrisse
800 1589 941 1668 elerum
964 1592 1039 1693 (qui
1062 1591 1360 1694 probabilissime
1378 1595 1483 1672 nul-

315 1729 374 1806 lus
397 1727 519 1804 adhuc
550 1730 640 1824 erat)
665 1730 701 1802 et
724 1725 924 1828 populum?
955 1727 1004 1803 Et
1032 1727 1103 1803 iste
1133 1727 1229 1803 ritus
1259 1725 1481 1807 videturne

313 1863 408 1942 tanti
438 1862 616 1939 momenti
650 1885 729 1937 esse
762 1864 805 1937 ut
833 1860 1047 1964 apostolicae
1080 1860 1305 1937 institutioni
1339 1861 1478 1942 tribui

313 2002 465 2081 debeat?
484 2000 594 2080 Certe
611 2001 691 2077 hoec
709 1998 860 2075 difficile
877 2000 1026 2076 suaderi
1043 2001 1229 2102 poterunt.

688 2243 972 2305 semcunus
1005 2217 1067 2302 1‘v.

311 2481 353 2527 DE
365 2478 577 2527 ARGUMENTIS
586 2478 725 2534 QUARTAE
734 2475 936 2534 SENTENTIAE,
945 2475 1019 2531 QUAE
1029 2473 1165 2522 PETRUM
1177 2473 1300 2522 PAUCOS
1313 2474 1473 2528 TANTUM

454 2586 559 2634 ANNOS
574 2585 638 2632 VEL
653 2584 780 2632 MENSES
794 2582 894 2630 ROMAE
909 2581 1138 2630 commolierunt
1154 2581 1231 2628 ESSE
1246 2581 1309 2628 ΑΙΤ.

298 2892 301 2898 ,
360 2809 422 2892 lb.
447 2809 595 2886 Horum
624 2829 771 2882 summa
796 2805 842 2882 ed
869 2805 939 2883 hoo
970 2807 1159 2883 reducitur
1193 2806 1303 2908 quod,
1332 2831 1469 2908 quum

311 2949 449 3024 Petrus
471 2967 568 3019 anno
589 2945 637 3017 50
655 2939 823 3017 Concilio
853 2941 1107 3043 apostolorum
1132 2941 1342 3018 interfuerit
1360 2941 1397 3017 H
1404 2943 1467 3021 ie-

311 3075 527 3178 rosolymis,
562 3078 649 3150 ante
680 3074 749 3149 hoc
784 3083 930 3175 tempus
961 3101 981 3150 e
1013 3073 1230 3151 Palaestinae
1260 3077 1297 3149 et
1328 3073 1465 3174 Syriae

282 3205 478 3317 'partibus
504 3211 715 3288 discessisse
740 3211 882 3325 censeri
908 3236 982 3288 non
1007 3215 1141 3313 potest,
1170 3211 1245 3287 imo
1271 3233 1337 3286 nee
1363 3217 1465 3290 ante

310 3372 450 3426 annum
463 3321 524 3435 54,
540 3372 612 3449 quo
626 3347 771 3424 Paulus
785 3345 907 3448 ipsum
923 3345 1195 3447 Hierosolymis
1209 3344 1408 3442 convenit(
1430 3351 1458 3438 ).

311 3483 452 3561 Deinde
474 3508 520 3559 ex
544 3483 690 3560 silentio
711 3483 825 3560 Pauli
856 3483 901 3560 de
922 3483 1037 3560 Petro
1061 3483 1100 3558 in
1124 3505 1194 3558 sua·
1222 3477 1379 3582 epistola
1401 3485 1459 3560 ad

309 3622 502 3701 Romanos
525 3643 621 3694 anno
643 3622 690 3694 58
708 3619 847 3720 scripta
872 3617 1080 3695 ostenditur
1097 3617 1197 3693 hune
1223 3641 1265 3692 eo
1282 3618 1461 3716 tempore

308 3754 473 3831 nondum
504 3751 667 3830 Romam
701 3753 846 3829 venisse
879 3757 932 3852 (l.
967 3753 1142 3853 idemque
1171 3751 1462 3830 demonstratur

309 3889 429 3992 quoad
451 3915 589 3966 annum
607 3894 650 3965 61
677 3913 722 3964 ex
739 3889 889 3966 silentio·
904 3888 1096 3991 scriptoris
1113 3888 1276 3964 Actuunr
1289 3886 1460 3987 Aposto-

309 4023 433 4100 lorum
450 4022 651 4099 adventum
674 4022 786 4100 Pauli
806 4023 968 4100 Romam
991 4022 1179 4100 narrantis
1201 4023 1251 4118 (s).
1280 4019 1462 4122 Denique

308 4163 346 4236 et
369 4157 490 4260 quoad
512 4156 702 4234 biennium
727 4158 924 4260 insequens
947 4183 993 4234 ex
1014 4155 1132 4258 ipsius
1160 4153 1273 4231 Pauli
1300 4151 1462 4237 silentio

337 4415 367 4478 (ι)
381 4413 443 4467 Gal.
458 4424 483 4464 n.
500 4414 523 4474 1,
536 4413 560 4472 2,
573 4415 597 4464 9.
924 4411 955 4476 (s)
966 4411 1021 4462 Crr.
1035 4409 1104 4478 Ibid.
1120 4411 1146 4460 10
1156 4405 1186 4462 b.

337 4505 368 4570 (ε)
379 4503 434 4558 Csr.
448 4515 532 4570 supra
543 4503 607 4567 cap.
622 4501 643 4552 l.
657 4501 692 4553 N.
704 4504 728 4561 8,
741 4503 778 4553 2⁰.
