3208 5150
303 469 366 517 chr.
390 470 408 514 r.
432 467 527 516 urnuu
549 467 654 516 rursus
675 467 772 515 nouiu
793 462 926 523 senemr,
950 465 1010 510 rrc.
1195 445 1233 508 15

84 649 236 738 notarit,
259 681 299 728 a.
318 647 412 724 nihil
430 647 573 724 indicat
590 646 635 722 de
652 647 732 748 ejus
746 646 881 723 itinere
901 643 1078 730 Romam,
1099 654 1132 718 h.
1151 662 1231 740 spe-

82 781 224 871 ciatim,
252 782 345 858 dum
367 781 568 858 adventum
591 780 704 858 Pauii
722 783 919 868 memorat,
944 778 1008 881 qui
1026 776 1230 854 secundum

81 916 326 994 traditionem
351 915 576 993 catholicam
605 914 670 992 diu
700 920 785 1019 post
809 915 968 991 Petrum
995 910 1086 988 illuc
1113 909 1229 995 venit,

82 1049 216 1126 iratres
246 1049 371 1127 Paulo
394 1049 601 1127 occurrisse
623 1050 737 1128 refert
758 1073 876 1151 usque
901 1047 949 1125 ad
970 1046 1084 1148 Appii
1108 1045 1230 1122 forum

81 1190 115 1262 et
133 1185 229 1263 Tres
250 1187 442 1264 Tabernas
465 1191 518 1286 (1),
544 1186 649 1265 nulla
666 1211 755 1265 vero
773 1187 913 1264 mentio
932 1186 1091 1262 habetur
1109 1184 1226 1260 Petri.

126 1352 166 1422 2⁰
181 1347 246 1424 Ex
270 1347 418 1424 silentio
441 1346 553 1423 Pauli
576 1347 615 1423 in
636 1347 794 1450 epistola
811 1347 857 1424 ad
884 1347 1090 1434 Romanos
1110 1345 1174 1421 ubi
1193 1347 1229 1442 (a)

82 1479 210 1557 multis
236 1481 399 1558 salutem
425 1482 499 1557 dici
520 1482 657 1584 jubens
680 1507 727 1559 ne
749 1483 863 1559 verbo
888 1481 1037 1583 quidem
1060 1478 1232 1556 meminit

83 1616 184 1693 Petri
208 1648 215 1694 :
242 1643 355 1721 quem
377 1643 480 1707 sane,
504 1619 536 1694 si
558 1619 942 1706 Romaemorabatur,
963 1617 1002 1694 in
1024 1615 1155 1718 primis
1174 1640 1230 1692 sa-

83 1749 195 1828 lutari
214 1754 423 1854 oportebat.

128 1917 166 1988 3⁰
185 1913 248 1988 Ex
265 1912 432 2014 ejusdem
451 1913 600 1995 silentio
623 1915 663 1990 in
684 1912 851 2018 epistolis
868 1911 948 1990 suis
966 1911 1091 1990 Roma
1114 1912 1229 2014 scrip-

83 2043 128 2120 tis
151 2049 203 2144 (a).
232 2047 310 2124 Ubi
328 2074 403 2126 non
420 2049 543 2127 solum
566 2074 753 2151 nusquam
769 2049 815 2125 de
832 2049 947 2124 Petro
965 2045 1144 2149 loquitur,
1165 2047 1227 2124 sed

84 2184 118 2256 et
133 2205 179 2258 ea
195 2183 344 2286 profert
360 2209 444 2286 quae
462 2186 591 2276 Petro,
613 2186 645 2262 si
665 2186 799 2264 Romae
816 2187 1046 2272 versaretur,
1065 2183 1229 2259 maxime

85 2315 358 2395 contumeliosa
374 2318 532 2396 fuissent
549 2324 599 2420 (r).

129 2480 167 2548 4⁰
185 2473 247 2550 Ex
261 2473 411 2552 silentio
429 2475 552 2553 Flavii
569 2477 592 2554 J
596 2477 737 2580 osephi.
760 2476 835 2564 Qui
849 2498 966 2578 quum
979 2475 1002 2552 J
1004 2499 1070 2552 esu
1085 2475 1228 2554 Christi

85 2609 297 2686 meminerit
321 2615 358 2687 et
379 2612 537 2689 ioannis
568 2613 751 2714 Baptistae
782 2616 821 2688 et
848 2611 979 2688 Jacobi
1007 2609 1134 2687 fratris
1156 2611 1229 2687 Do-

85 2739 186 2829 mini,
207 2747 312 2819 certc
330 2744 488 2822 Petrum
511 2771 535 2823 a
557 2746 706 2822 Nerone
729 2745 895 2821 occisum
919 2766 992 2819 non
1023 2742 1228 2844 praetermi-

84 2871 187 2952 sisset
217 2879 259 2953 in
290 2901 336 2954 ea
364 2879 497 2958 saltem
528 2880 686 2958 historia
715 2904 828 2983 quam
861 2877 1033 2956 debello
1066 2880 1226 2957 Judaico
1285 2920 1287 2924 ·

85 3001 213 3086 Itomae
249 3015 434 3100 exaravit,
471 3015 535 3090 ubi
571 3016 617 3092 de
654 3016 815 3092 Neronis
850 3013 1069 3091 crudelitate
1105 3041 1249 3120 sermo⁴

83 3147 136 3216 est
161 3145 212 3242 (5).

129 3326 166 3410 ii.
183 3353 240 3416 11.
257 3336 419 3416 Secundi
433 3341 579 3442 generis
593 3345 859 3443 argumentum
872 3341 1075 3420 conficiunt
1092 3345 1224 3422 adver-

110 3683 138 3738 (ιι
151 3679 210 3732 Aci.
226 3692 322 3731 xxvrrr.
339 3679 376 3728 15.
539 3699 542 3709 ·
674 3677 768 3728 ”lutet
788 3690 834 3728 ros
850 3675 1027 3727 Aristarchus
1038 3679 1223 3742 'concaptivus

109 3777 136 3838 h)
149 3773 228 3828 Rom.
243 3789 297 3827 xri.
310 3777 383 3826 3-15.
669 3797 680 3818 n
694 3786 782 3836 meus,
794 3773 821 3824 et
837 3773 948 3824 Marcus
960 3773 1144 3824 consobrinus
1157 3773 1219 3825 Ber·

111 3867 139 3924 isi
155 3867 198 3916 hu
216 3865 421 3928 Philippenses,
439 3861 474 3912 nd
493 3861 633 3914 Colossen·
669 3885 680 3903 ··
694 3853 838 3913 nubre...et
846 3861 937 3923 iesus,
945 3861 992 3923 qui
1002 3861 1221 3915 dicituriustus:

83 3955 363 4022 see‚adEphesios,ed
372 3949 557 4014 Hehraenaad
571 3953 636 4005 Phi·
671 3977 683 3997 η
697 3954 821 4018 quisunt
837 3967 870 4004 ex
882 3953 1091 4005 circumcisione
1105 3971 1112 4004 :
1126 3955 1154 4004 hi
1170 3955 1223 4006 soli

82 4040 223 4106 ismenem,
246 4045 282 4095 nd
305 4043 481 4094 Timotheum
503 4044 631 4095 secunda.
668 4066 680 4086 n
694 4045 758 4096 sunt
774 4043 913 4108 adjutores
933 4042 986 4094 mei
1005 4043 1035 4094 in
1053 4055 1139 4108 regno
1160 4043 1221 4102 Dei,

111 4135 138 4191 (r)
154 4131 199 4184 Sic
211 4131 288 4184 Phil.
303 4145 329 4183 rr.
342 4133 384 4192 20,
396 4133 437 4182 21.
457 4153 469 4174 a
488 4131 632 4183 Neminem
667 4155 679 4175 ··
693 4132 741 4195 qui
759 4131 828 4183 mihi
847 4132 958 4183 inerunt
975 4131 1082 4184 solatio.
1104 4155 1116 4174 w
1134 4160 1167 4168 -
1184 4133 1220 4182 Il.

84 4239 94 4254 ·
106 4220 174 4272 enim
184 4221 274 4273 habeo
285 4219 368 4288 [sient
379 4219 564 4288 Timotheum]
576 4223 632 4274 tam
668 4245 680 4265 n
697 4219 765 4273 Tim.
779 4235 813 4273 ιν.
829 4223 867 4273 16.
883 4243 895 4264 a
906 4219 939 4271 In
954 4221 1044 4285 prima
1057 4235 1118 4271 men
1129 4223 1221 4272 deien-

84 4329 95 4346 ,.
107 4309 413 4362 unanimem....0mnes
425 4310 498 4360 enim
511 4324 571 4373 quse
583 4325 634 4362 sua
668 4333 680 4355 n
694 4311 771 4362 sione
784 4323 864 4362 nemo
876 4310 944 4360 mihi
958 4309 1054 4369 adfuit,
1069 4310 1116 4359 sed
1126 4323 1221 4360 omnes

85 4401 166 4448 -sunt
183 4403 321 4462 quaerunt,
341 4410 397 4448 non
413 4411 475 4460 quse
490 4402 554 4451 sunt
567 4401 635 4452 «iesu
671 4423 683 4444 κ
697 4413 741 4452 me
752 4400 967 4463 dereliquerunt.
986 4422 997 4442 n

86 4483 213 4537 ·Christi.
229 4509 241 4530 n
260 4515 291 4524 -
311 4483 368 4537 Coi.
386 4497 421 4536 iv.
443 4488 481 4546 10,
500 4489 538 4539 il.
558 4509 569 4530 u
588 4489 635 4540 Sa·
702 4491 731 4554 (s)
746 4487 814 4541 Reii.
827 4487 892 4540 Jnd.
907 4488 924 4539 l.
940 4487 984 4538 lv.
999 4487 1027 4534 C.
1041 4487 1064 4556 ii.
1079 4483 1112 4533 N.
1126 4485 1150 4533 2.
