3154 5134
482 448 544 495 one.
568 450 588 495 ι.
612 451 660 496 nn.
685 451 728 496 rr.
752 451 813 497 suo.
836 453 855 497 l.
1187 442 1241 502 all

92 651 107 679 a
130 613 273 716 luntati
297 617 380 716 ejus
402 619 691 694 consentaneum
711 622 768 695 est
784 617 928 719 aliquid
947 617 1106 709 iaciunt,
1126 627 1246 702 morte

91 785 107 812 π
129 749 439 826 multantur-„N
443 775 534 852 eque
546 750 646 827 enim
659 752 858 853 quisquam
872 751 1073 830 affirmarit
1085 777 1182 831 anno
1196 761 1244 832 68

88 909 155 960 seu
186 885 409 963 immediate
440 890 525 964 ante
559 887 911 990 Hierosolymorum
945 911 1013 989 per
1042 888 1242 992 Vespasia-

87 1044 180 1095 num
217 1021 464 1110 obsidionem,
501 1022 696 1124 antiquam
730 1021 836 1099 illam
871 1022 1108 1100 severitatem
1142 1025 1243 1103 circa

86 1153 210 1255 legem
237 1180 349 1233 suam
370 1158 593 1234 servandam
615 1159 715 1260 apud
736 1158 889 1236 ludaeos
911 1158 1089 1260 viguisse.
1112 1162 1243 1264 Neque

85 1292 187 1365 certe
218 1289 295 1391 ipsi
326 1292 518 1368 sententiae
543 1317 657 1394 quam
681 1318 781 1369 nunc
804 1293 1068 1394 perpendimus
1091 1298 1241 1396 patroni

85 1423 240 1500 facilius
269 1423 421 1503 solvunt
446 1432 669 1528 argumenta
693 1429 749 1504 illi
781 1429 982 1506 contraria.
1013 1429 1108 1518 Quae
1138 1457 1240 1534 repe·

84 1564 222 1638 tantur
250 1577 297 1639 ex
320 1589 363 1641 eo
389 1567 486 1667 quod
506 1599 543 1645 a.
563 1567 690 1655 Quum
714 1569 827 1669 juxta
857 1567 965 1645 illam
986 1570 1091 1646 brevi
1113 1571 1240 1648 admo-

85 1694 177 1771 dum
195 1700 366 1799 tempore
383 1706 467 1802 post
484 1701 590 1778 Petri
603 1702 831 1804 martyrium
844 1700 912 1778 illa
925 1702 1083 1805 epistola
1100 1705 1240 1808 scripta

86 1832 252 1932 supponi
284 1833 428 1925 debeat,
461 1835 566 1912 nulla
594 1840 721 1914 tamen
751 1837 904 1914 exordio
936 1837 1096 1914 habetur
1126 1839 1239 1942 hujus

85 1967 268 2067 martyrii
290 1967 442 2058 mentio,
468 1970 529 2045 sed
553 1970 766 2047 afferuntur
787 2007 802 2036 a
825 1970 959 2047 subitae
984 1995 1028 2046 ao
1051 1970 1122 2048 sibi
1146 1971 1240 2048 invi·
1337 2016 1340 2036 ι

88 2122 169 2174 cem
200 2103 441 2180 succedentes
475 2103 708 2181 calamitates
743 2108 780 2181 et
813 2129 921 2180 casus
952 2103 1100 2180 adversi
1138 2141 1153 2170 n
1191 2105 1238 2182 ad

56 2257 59 2262 ’
87 2236 345 2313 excusandam
360 2238 615 2341 rescriptionis
629 2239 856 2319 tarditatem.
873 2252 906 2316 o.
922 2237 1029 2326 Quod
1045 2263 1126 2339 cap.
1144 2243 1238 2338 47(1)

87 2367 249 2446 ecclesia
274 2371 573 2461 Corinthiorum,
599 2398 697 2451 anno
721 2377 770 2452 54
791 2399 814 2450 a
838 2373 960 2450 Paulo
979 2373 1147 2462 fundata,
1168 2400 1237 2450 aa·

88 2505 199 2598 tique
230 2512 400 2586 vocatur.
425 2543 456 2590 c.
479 2510 587 2598 Quod
611 2535 691 2612 cap.
719 2519 767 2588 44
788 2512 869 2612 jam
891 2509 1017 2612 plures
1044 2510 1236 2613 episcopos

87 2661 132 2713 ex
149 2640 284 2748 ordine
301 2644 523 2722 successisse
540 2644 586 2721 iis
604 2645 668 2747 qui
686 2645 733 2722 ab
750 2642 931 2747 apostolis
945 2643 1139 2721 constituti
1157 2644 1235 2722 lue-

88 2781 186 2868 rent,
207 2781 302 2856 satis
319 2781 514 2884 perspicue
531 2781 723 2858 indicatur
740 2785 752 2879 (
771 2787 796 2879 ).

140 2969 198 3052 13.
217 2974 465 3076 Nequaquam
488 2975 605 3076 igitur
629 3001 675 3052 ex
696 2973 854 3076 epistola
876 2973 1079 3054 Clementis
1097 2976 1144 3052 ad
1163 2967 1249 3054 Go-⁴

88 3107 249 3186 rinthios
271 3081 442 3210 cogimur
463 3115 506 3188 ut
527 3135 613 3187 eum
638 3110 851 3188 immediate
873 3111 988 3188 Petro
1010 3113 1235 3191 successisse

87 3243 257 3322 dicamus
281 3244 462 3321 adversus
492 3244 755 3322 auctoritatem
785 3245 952 3321 omnium
976 3244 1233 3347 catalogorum

87 3375 271 3457 veterum.
303 3379 362 3457 Ex
394 3405 554 3482 quorum
584 3381 697 3458 etiam
724 3380 988 3482 plerorumque
1011 3383 1048 3457 et
1070 3380 1234 3458 maxime

88 3515 343 3617 antiquorum,
370 3513 563 3616 speciatim
590 3513 738 3603 Irenaei,
765 3513 917 3591 Eusebii
947 3515 999 3612 (l,
1028 3512 1231 3616 Epiphanii

119 3764 148 3826 li)
159 3764 192 3814 P.
205 3764 238 3815 G.
252 3765 271 3814 t.
287 3762 310 3814 1.
323 3777 350 3827 p.
364 3763 421 3826 307.
653 3801 656 3806 Α
679 3784 690 3798 ··
704 3761 751 3811 alii
763 3761 813 3812 viri
825 3760 934 3826 probati
946 3763 1112 3825 exciperent.
1126 3767 1230 3819 Consti·

118 3854 146 3914 (a)
157 3855 204 3905 Ait
216 3853 323 3906 scilicet
341 3852 467 3904 Clemens
481 3868 486 3901 :
502 3874 514 3894 u
528 3851 563 3902 nt
574 3865 639 3917 apo·
676 3874 688 3895 n
701 3853 776 3902 tulos
786 3853 879 3915 itaquo
891 3853 925 3902 ab
937 3852 992 3902 illis
1003 3854 1045 3904 vol
1057 3855 1187 3922 deinceps
1197 3860 1231 3910 ab
1290 3870 1293 3880 ·

90 3965 100 3983 s
113 3944 175 3996 stoli
187 3943 277 3996 nostri
289 3943 505 4008 cognoverunt...
517 3941 590 4004 quod
602 3943 640 3992 su·
676 3963 687 3982 w
701 3941 762 3992 aliis
771 3941 838 3992 viris
848 3941 965 4001 eximiis,
976 3945 1164 3998 consentiente
1173 3949 1231 3998 uni-

89 4054 100 4072 ·
113 4033 174 4084 tura
185 4034 260 4084 esset
271 4031 410 4083 contentio
420 4031 453 4081 de
462 4031 573 4082 nomine
585 4031 639 4096 epi·
674 4053 685 4072 n
699 4031 942 4082 verseecclesie....
955 4033 1056 4096 quique
1065 4033 1148 4100 longo
1163 4043 1230 4090 tem-

90 4125 242 4188 nscopatus
255 4138 261 4172 :
276 4123 310 4172 ob
322 4133 383 4173 eam
396 4133 462 4186 ergo
474 4134 584 4171 causam
588 4159 638 4180 .....
674 4144 686 4164 w
700 4135 767 4185 pore
778 4123 813 4172 ab
825 4121 953 4172 omnibus
966 4123 1152 4177 testimonium
1165 4143 1232 4192 prae-

90 4213 316 4265 nconstituerunt
337 4209 493 4275 praedictos,
517 4212 545 4261 et
563 4211 641 4262 dein·
677 4233 689 4254 e
703 4211 809 4262 clarum
827 4213 1014 4276 reportarunt,
1033 4215 1083 4264 hos
1103 4219 1232 4280 putamus

91 4323 101 4341 ι·
114 4315 175 4367 ceps
196 4304 297 4353 futurae
313 4297 498 4352 successionis
518 4302 642 4367 regulam
679 4325 691 4346 a
705 4303 796 4352 officio
809 4303 908 4366 injuste
920 4303 1000 4366 dejici
1013 4325 1025 4345 ν·
1036 4304 1115 4367 (ibid.
1124 4322 1150 4371 p.
1162 4309 1229 4373 295).

91 4392 301 4454 *tradiderunu
323 4392 351 4442 ut
370 4389 489 4442 camilli
508 4392 642 4443 decessis-
709 4391 738 4453 (e)
759 4393 799 4443 Ac
818 4391 945 4457 proinde,
968 4395 997 4444 ut
1010 4393 1140 4459 colligere
1156 4397 1230 4460 licet,

92 4503 102 4520 w
115 4485 181 4546 sent,
196 4481 382 4533 ministerium
393 4495 490 4532 eorum
503 4497 646 4534 ecmonus
680 4481 839 4546 Hegesippi.
