3154 5134
717 1093 952 1177 CAPUT
989 1095 1077 1174 IV.

448 1366 579 1422 UTRUM
599 1365 804 1421 CYPRIANUS
825 1365 870 1419 ET
890 1364 1128 1420 FIRMlLIANUS
1149 1361 1350 1417 OCCASIONE

326 1503 440 1558 HUJUS
460 1500 750 1556 CONTROVERSIAE
768 1499 852 1554 ALIA
866 1499 1032 1564 QUAEDAM
1046 1495 1260 1572 CATHOLICAE
1274 1494 1478 1549 DOCTRINAE
1566 1481 1567 1490 ¹

666 1631 873 1686 CONTRARIA
893 1630 1126 1687 ADMISERINT.

375 2104 408 2186 l.
442 2105 700 2181 Protestantes
735 2101 877 2178 scilicet
909 2126 956 2178 ex
991 2101 1127 2182 hurum
1162 2102 1323 2178 Patrum
1360 2105 1476 2182 modu

323 2239 460 2342 agendi
478 2243 515 2314 et
531 2236 706 2338 loquendi
723 2235 952 2312 concludunt
968 2237 1015 2312 ab
1033 2237 1079 2312 iis
1097 2239 1235 2338 rejecta
1252 2234 1372 2314 fuisse
1392 2243 1475 2314 tum

325 2372 587 2451 auctoritatem
610 2369 824 2482 traditionis
847 2374 890 2446 ut
909 2369 1050 2470 regulae
1067 2371 1166 2460 fidei,
1186 2377 1268 2447 tum
1287 2372 1473 2450 infallibi-

322 2509 466 2586 litatem
497 2505 675 2594 ecelesiae,
711 2509 792 2582 tum
828 2505 985 2606 denique
1019 2505 1223 2607 primatum
1258 2510 1296 2582 et
1329 2507 1475 2585 infalli-

320 2645 503 2722 bilitatem
545 2643 709 2719 Romani
744 2641 953 2718 Pontificis.
996 2641 1105 2729 Quod
1139 2642 1316 2719 ultimum
1353 2645 1474 2742 (cirea

320 2778 628 2860 infallibilitatem
662 2779 774 2858 Rom.
809 2778 935 2876 Pont.)
966 2779 1195 2855 contendunt
1230 2778 1345 2855 etiam
1384 2779 1474 2858 Gal-

320 2915 446 2993 licani.
845 2951 848 2956 ·

674 3149 971 3248 ennomus
1004 3150 1030 3207 1.

315 3409 432 3458 UTRUM
455 3404 636 3455 GYPRIANUS
659 3404 701 3452 ΕΤ
728 3403 942 3450 FIRMILIANUS
968 3400 1178 3449 RESPUERINT
1202 3399 1467 3448 AUCTORITATEM

778 3511 997 3558 ralululonls

369 3763 406 3846 2.
423 3765 581 3841 Videtur
594 3762 632 3839 id
645 3760 772 3862 colligi
790 3785 897 3863 posse
915 3785 961 3836 ex
978 3759 1146 3861 eoquod,
1167 3785 1283 3861 quum
1302 3759 1464 3864 Stepha-

317 3924 387 3976 nus
411 3897 599 4001 praecipue
624 3895 807 3972 niteretur
830 3895 987 3996 antiqua
1006 3898 1044 3970 et
1067 3894 1272 3971 universali
1293 3894 1464 3984 ecelesiae
1566 3987 1567 4006 χ

315 4030 529 4118 traditione,
551 4028 764 4132 Cyprianus
782 4032 819 4106 et
836 4028 1080 4105 Firmilianus
1105 4053 1188 4106 eam
1208 4029 1368 4106 existere
1387 4054 1463 4106 non

273 4203 277 4212 ·
315 4166 466 4266 negant,
486 4164 550 4241 sed
568 4163 664 4239 nihil
681 4163 768 4240 inde
785 4163 929 4240 roboris
948 4153 1141 4240 sententiae
1160 4163 1342 4265 Stephani
1361 4175 1463 4240 auce

314 4300 401 4377 dere
425 4297 650 4400 significant.
679 4298 741 4377 Sic
766 4297 979 4400 Cyprianus
1003 4331 1041 4378 a.
1066 4297 1186 4400 Epist.
1208 4296 1254 4373 ad
1274 4296 1459 4384 Quintum

316 4463 354 4514 n.
375 4441 399 4514 2
421 4423 468 4510 εγω
497 4435 582 4512 Non
605 4438 662 4510 est
684 4436 810 4511 autem
833 4432 978 4534 (inquit)
1002 4433 1047 4509 de
1072 4431 1341 4510 consuetudine
1364 4457 1459 4536 prae-
