3180 5134
345 483 381 529 bs
397 437 541 542 ,ΕΟΝΤΗΙΟἫ
565 479 649 526 eluci
668 477 828 525 amrlsuull
849 478 1067 525 suavisonus.
1251 475 1289 534 68

125 655 183 711 illis
198 651 400 725 patrocinium
413 649 449 704 de
462 645 641 704 auctoritate
654 659 710 702 sua
726 643 860 715 praestat,
874 642 953 699 cedit
966 643 1025 700 illis
1046 644 1077 700 et
1090 645 1240 703 consentit
1253 648 1288 704 ut

125 755 222 810 hostis
241 752 274 808 et
286 749 477 807 adversarius
498 746 605 804 Christi
623 745 733 802 habere
752 743 890 800 videatur
906 743 1044 799 abluendi
1064 744 1095 802 et
1109 745 1287 815 purificandi

125 849 157 905 et
169 845 379 906 sanctificandi
395 831 524 901 hominis
537 841 725 913 potestatem.
747 843 808 896 Nos
820 839 921 896 autem
941 838 1067 896 dicimus
1087 855 1138 898 eos
1155 842 1206 912 qui
1219 842 1287 900 inde

126 947 254 1004 veniunt
268 959 326 1001 non
339 942 514 1013 rebaptizari
527 940 605 1012 apud
620 953 684 1006 nos,
696 938 746 994 sed
762 937 914 1008 baptizari.
930 940 1032 1007 Neque
1045 938 1125 994 enlm
1137 939 1288 1008 accipiunt

125 1043 187 1099 illic
206 1039 320 1110 aliquid
339 1039 389 1095 ubi
406 1038 480 1094 nihil
496 1037 556 1103 est;
577 1035 628 1093 sed
646 1035 771 1092 veniunt
787 1033 825 1090 ad
844 1049 897 1090 nos
910 1019 944 1090 ut
957 1033 1005 1090 hic
1025 1034 1174 1104 accipiant
1186 1035 1235 1093 ubi
1256 1036 1287 1093 et

124 1139 226 1210 gratia
243 1137 275 1194 et
291 1137 402 1192 veritas
419 1133 515 1191 omnis
532 1133 588 1199 eat,
609 1134 680 1202 quia
698 1131 730 1187 et
748 1129 846 1200 gratia
863 1130 894 1185 et
911 1130 1022 1186 veritas
1043 1145 1103 1186 una
1119 1131 1176 1187 est.
1191 1133 1286 1188 Porro

124 1236 228 1292 autem
238 1232 360 1304 quidam
370 1231 406 1288 de
416 1229 538 1299 collegis
548 1227 659 1284 nostris
673 1225 790 1282 malunt
799 1225 950 1282 haereticis
960 1226 1104 1282 honorem
1114 1227 1187 1283 dare
1197 1243 1285 1298 quam

124 1333 212 1388 nobis
231 1329 412 1395 consentire;
431 1327 463 1384 et
480 1327 552 1388 dum
570 1325 658 1382 unius
677 1322 817 1393 baptismi
834 1323 1055 1378 asseveratione
1072 1323 1221 1394 baptizare
1237 1341 1287 1382 ve-

125 1429 243 1486 nientes
258 1427 372 1493 nolunt,
387 1428 430 1483 sio
439 1426 492 1482 aut
502 1425 560 1480 duo
573 1422 754 1494 baptismata
767 1422 824 1492 ipsi
836 1409 961 1488 iaciunt,
976 1421 1046 1478 dum
1058 1422 1089 1478 et
1101 1423 1178 1493 apud
1192 1423 1286 1480 haere·

53 1513 55 1516 ⁵
124 1529 204 1584 ticos
217 1524 365 1595 baptisma
378 1539 442 1580 csse
457 1521 569 1588 dicunt,
584 1521 637 1577 aut
649 1519 742 1584 certo,
763 1518 842 1588 quod
855 1519 902 1575 est
920 1520 1053 1589 gravius,
1075 1519 1286 1578 haereticorum

125 1623 281 1682 sordidam
295 1621 325 1677 et
343 1621 496 1690 profanam
516 1618 690 1676 tinctionem
708 1605 782 1672 vero
801 1616 832 1671 et
851 1616 937 1672 unico
955 1617 986 1671 et
1003 1617 1135 1686 legitimo
1152 1616 1286 1674 ecclesiae

125 1718 284 1776 catholicae
305 1717 450 1786 baptismo
469 1728 642 1786 praeponere
655 1714 685 1770 et
705 1713 848 1781 praeferre
861 1711 1054 1786 contendunt,
1076 1729 1134 1770 non
1152 1714 1285 1771 conside-

126 1815 232 1872 rantes
246 1812 390 1883 scriptum
409 1825 495 1868 esse:
517 1811 581 1876 Qui
600 1808 805 1879 baptizatur
824 1822 842 1863 a
861 1808 1011 1871 mortuo,
1033 1809 1115 1878 quid
1134 1811 1285 1879 proiicit

126 1913 265 1969 lavatio
284 1914 378 1983 ejusl
404 1911 595 1968 Manifestum
617 1909 664 1964 est
684 1907 785 1964 autem
802 1921 853 1963 eos
876 1907 926 1976 qui
944 1922 1002 1962 non
1020 1909 1090 1965 sunt
1108 1909 1138 1964 in
1158 1910 1285 1966 ecclesia

126 2010 239 2066 christi
252 2007 477 2065 intermortuos
491 2007 656 2076 computari
671 2020 725 2062 neo
739 2020 824 2075 posse
834 2005 871 2060 ab
885 2019 919 2060 eo
930 2005 1076 2062 vivificari
1090 2005 1219 2063 alterum
1232 2010 1285 2077 qui

125 2107 189 2176 ipse
202 2121 258 2162 non
272 2105 366 2172 vivat,
380 2104 498 2175 quando
509 2118 567 2159 una
581 2104 620 2160 sit
629 2103 764 2166 ecclesia,
780 2116 846 2172 quae
859 2101 930 2157 vilae
941 2103 1062 2158 aeternae
1075 2103 1202 2173 gratiam
1214 2119 1283 2161 con·

125 2201 231 2258 secuta
244 2204 274 2258 et
286 2202 362 2258 vivit
374 2202 404 2258 in
419 2202 564 2288 aeternum
577 2201 608 2257 et
620 2198 753 2257 viviticat
767 2199 817 2254 Dei
831 2197 983 2269 populum.

162 2351 191 2406 2.
210 2373 223 2396 n
238 2349 274 2404 Et
286 2349 390 2405 dicunt
401 2364 434 2405 se
452 2349 483 2404 in
496 2350 552 2405 hoc
565 2349 697 2404 veterem
714 2346 959 2420 consuetudinem
970 2350 1063 2418 sequi,
1075 2351 1192 2420 quando
1203 2355 1281 2422 apud

124 2447 244 2502 veteres
259 2446 406 2503 haereseos
419 2448 449 2503 et
461 2445 766 2515 schismatumprima
779 2445 876 2501 adhuc
895 2445 1007 2502 luerint
1020 2447 1115 2515 initia,
1130 2449 1164 2504 ut
1176 2450 1207 2505 bi
1220 2451 1282 2507 illic

124 2542 226 2598 essent
245 2542 296 2612 qui
308 2543 345 2598 de
357 2543 484 2599 ecclesia
499 2541 686 2604 recedebant,
704 2541 734 2597 et
746 2541 794 2596 hio
808 2541 946 2611 baptizati
960 2543 1042 2613 prius
1057 2544 1192 2611 fuerant3
1207 2560 1282 2616 quos

124 2641 198 2697 tunc
211 2640 311 2696 tamen
331 2640 367 2696 ad
382 2641 537 2696 ecclesiam
554 2639 739 2695 revertentes
759 2639 790 2694 et
803 2639 1007 2708 poenitentiam
1021 2639 1142 2710 agentes
1161 2655 1282 2698 necesse

125 2751 184 2792 non
199 2737 264 2792 erat
282 2737 440 2806 baptizare.
456 2735 538 2802 Quod
554 2749 606 2791 nos
620 2749 737 2804 quoque
750 2734 838 2791 hodie
851 2735 1055 2800 observamus,
1076 2736 1111 2792 ut
1123 2751 1197 2807 quos
1213 2753 1282 2794 con·

124 2833 185 2890 siet
205 2832 253 2889 hic
271 2833 433 2904 baptizatos
456 2847 521 2888 esse
544 2831 574 2887 ct
592 2847 611 2887 a
631 2831 714 2887 nobis
735 2831 772 2888 ad
794 2831 950 2887 haereticos
972 2832 1137 2898 transiisse,
1159 2833 1184 2888 si
1204 2835 1281 2903 post-

125 2928 246 2984 modum
257 2929 378 3000 peceato
388 2944 442 2986 suo
453 2929 570 2998 cognito
581 2929 611 2984 et
620 2941 723 2984 errore
734 2927 849 2997 digesto
859 2927 895 2982 ad
906 2927 1063 2984 veritatem
1080 2929 1111 2984 et
1125 2929 1280 2988 matricem

124 3025 259 3092 redeant,
273 3027 346 3080 satis
363 3025 444 3081 sitin
459 3025 664 3095 poenitentiam
684 3038 805 3080 manum
819 3026 986 3094 imponere:
1007 3025 1042 3081 ut
1055 3026 1125 3095 quia
1137 3027 1201 3082 ovis
1215 3027 1280 3097 jam

124 3124 234 3188 dierat,
255 3123 331 3178 hano
351 3137 436 3179 ovem
454 3122 652 3178 abalienatam
666 3122 697 3177 et
716 3121 916 3177 errabundam
935 3123 965 3176 in
985 3121 1063 3177 ovile
1077 3136 1164 3178 suum
1177 3124 1281 3193 pastor

125 3218 258 3287 recipiat.
275 3219 304 3274 Si
324 3219 423 3274 autem
443 3220 494 3289 qui
507 3218 544 3274 ab
565 3218 713 3286 haereticis
727 3219 809 3274 venit
822 3218 987 3288 baptizatus
1007 3221 1036 3275 in
1055 3217 1181 3276 ecclesia
1196 3222 1280 3290 prius

125 3335 184 3375 non
205 3319 269 3386 luit,
289 3320 340 3376 sed
359 3319 472 3376 alienus
489 3321 521 3375 in
537 3319 634 3377 totum
653 3320 683 3374 et
699 3320 842 3389 profanus
861 3319 953 3385 venit,
975 3319 1165 3389 baptizandus
1184 3321 1281 3378 estut

123 3419 191 3471 ovis
210 3415 272 3484 liat,
293 3418 363 3487 quia
379 3433 439 3474 una
458 3419 503 3474 est
522 3432 600 3488 aqua
619 3420 648 3473 in
674 3419 800 3473 ecclesia
816 3417 921 3474 sancta
945 3431 1012 3486 quae
1036 3433 1106 3474 oves
1124 3419 1223 3474 iaciat:
1243 3420 1280 3476 st

124 3513 233 3570 iccirco
251 3515 321 3583 quia
334 3515 406 3571 nihil
419 3515 518 3585 potest
531 3529 595 3570 esse
614 3529 771 3570 commune
783 3513 939 3569 mendacio
956 3514 987 3570 et
1003 3515 1134 3582 veritati,
1149 3515 1279 3573 tenebris

124 3609 154 3664 et
167 3609 238 3673 luci,
252 3609 342 3666 morti
355 3610 385 3666 et
398 3609 626 3674 immortalitati,
641 3609 818 3666 antichristo
831 3609 862 3665 et
876 3609 1003 3675 Christo,
1018 3624 1071 3679 per
1084 3611 1183 3666 omnia
1195 3610 1280 3669 debe·

123 3719 191 3760 mus
205 3705 337 3762 ecclesiae
350 3704 505 3761 catholicae
519 3706 664 3761 unitatem
678 3706 780 3776 tenere
794 3719 847 3761 nco
862 3706 892 3760 in
906 3704 1005 3774 aliquo
1020 3705 1086 3761 fidei
1100 3705 1130 3761 et
1142 3707 1279 3765 veritatis

123 3798 259 3856 hostibus
272 3801 385 3857 cedere.
408 3804 473 3856 Non
487 3801 533 3857 est
551 3801 650 3858 autem
665 3801 702 3857 de
722 3800 936 3857 consuetudine
949 3801 1212 3870 praescribendum,
1226 3804 1278 3860 sed

123 3899 240 3956 ratione
252 3901 440 3957 vincendum.
453 3904 528 3957 Nam
542 3917 596 3957 nec
609 3900 726 3971 Petrus,
745 3916 833 3971 quem
847 3903 976 3970 primum
991 3900 1131 3956 Dominus
1146 3903 1236 3972 elegit
1248 3903 1279 3960 et

123 4009 214 4064 super
226 4009 314 4066 quem
328 3997 486 4054 aedilicavit
500 3998 655 4054 ecclesiam
669 4012 765 4064 suam,
781 4012 849 4052 cum
863 4012 964 4054 secum
978 3997 1089 4053 Paulus
1102 3998 1138 4053 de
1152 3999 1278 4057 circum-

123 4093 235 4148 cisione
253 4094 441 4162 postmodum
459 4094 648 4165 disceptaret,
665 4095 827 4151 vindicavit
846 4096 902 4151 sibi
919 4095 1030 4166 aliquid
1047 4095 1208 4153 insolenter
1225 4101 1278 4157 aut

123 4189 301 4258 arroganter
312 4191 483 4259 assumpsit,
498 4191 533 4248 ut
545 4191 658 4247 diceret
671 4207 703 4247 se
717 4191 877 4262 primatum
893 4193 996 4248 tenere
1008 4191 1039 4247 et
1049 4191 1246 4262 obtemperari
1259 4213 1278 4252 a

124 4285 248 4340 novellis
266 4287 295 4341 et
313 4286 439 4356 posteris
457 4287 511 4343 sibi
531 4287 629 4357 potius
649 4288 797 4357 oportere.
818 4291 878 4343 Nec
901 4287 1036 4358 despexit
1052 4288 1178 4344 Paulum
1198 4295 1276 4361 quod

121 4380 257 4452 ecclesiae
276 4382 359 4450 prius
378 4383 552 4451 persecutor
572 4383 685 4448 luisset,
709 4382 759 4440 sed
773 4382 930 4440 consilium
948 4381 1084 4439 veritatis
1097 4383 1226 4453 admisit,
1247 4389 1278 4446 et
