3132 5140
672 1077 915 1161 CAPUT
958 1077 1050 1160 IV.

336 1337 502 1400 QUAENAM
528 1337 576 1391 EX
604 1338 661 1392 HlS
685 1339 993 1394 Accusarion'iuus
1020 1337 1160 1393 COLLlGl
1188 1336 1343 1392 POSSlNT
1376 1335 1416 1389 IN

401 1463 551 1518 Lanuuii
572 1465 753 1520 ECCLESIAE
774 1466 819 1520 ET
840 1465 1065 1520 PONTlFlCUbl
1087 1463 1339 1519 nosiauoituii.

350 1940 384 2023 l.
404 1960 438 2023 1⁰
456 1945 514 2020 Ex
539 1945 584 2022 iis
609 1971 693 2048 quae
716 1948 829 2025 refert
853 1949 1085 2052 Hippolytus
1108 1952 1154 2026 de
1170 1952 1343 2028 doctrina
1363 1952 1452 2028 fidei

300 2102 324 2154 a
348 2076 560 2179 Zephyrino
582 2083 619 2156 et
643 2080 800 2158 Callisto
823 2081 921 2185 plebi
947 2084 1164 2163 christianae
1187 2085 1384 2187 proposita
1411 2089 1452 2183 (ι)

299 2218 468 2316 apparet,
488 2213 625 2292 diserte
639 2220 676 2291 ct
692 2217 887 2317 perspicue
905 2219 951 2294 ab
965 2219 1012 2294 iis
1030 2223 1214 2295 assertam
1232 2244 1311 2295 esse
1329 2217 1450 2294 Verbi

299 2348 418 2425 divini
448 2349 696 2427 aeternitatem
725 2355 762 2427 ot
795 2351 1235 2430 consubstantialitatem.
1269 2353 1449 2428 Profecto

296 2483 362 2560 vix
391 2482 513 2560 ullum
542 2488 619 2561 tam
650 2484 795 2561 clarum
821 2487 1079 2564 testimonium
1109 2487 1155 2563 dc
1185 2487 1255 2563 bac
1285 2487 1448 2586 consub-

296 2616 542 2695 stantialitate
566 2619 725 2696 habetur
751 2620 851 2722 apud
877 2621 1012 2697 Patres
1039 2621 1303 2698 Autenicaenos
1329 2643 1447 2721 quam

294 2752 386 2829 illud
411 2752 573 2841 Callisti,
600 2754 664 2856 qui
682 2755 728 2831 ab
746 2759 899 2832 auctore
917 2761 1047 2833 nostro
1070 2753 1234 2830 refertur
1252 2752 1444 2854 professus
1551 2755 1552 2760 ’

283 2863 373 2964 vesse
394 2923 410 2952 a
427 2912 500 2964 non
518 2888 621 2966 aliud
639 2916 719 2966 esse
738 2891 906 2980 Patrem,
928 2891 1035 2968 aliud
1060 2889 1215 2978 Filium,
1240 2890 1302 2965 scd
1325 2913 1445 2966 unum

296 3059 312 3088 a
333 3023 505 3125 idemque
530 3049 670 3102 esse...
699 3027 962 3129 Spiritumque
992 3028 1031 3103 iu
1062 3025 1221 3126 Virgine
1243 3049 1358 3102 carne
1388 3026 1443 3100 in·
1551 3013 1552 3022 ¹

296 3157 465 3234 ndutum
500 3184 574 3237 nou
604 3184 684 3236 esse
724 3160 827 3238 aliud
862 3167 975 3263 atque
1005 3161 1183 3248 Patrem,
1225 3158 1289 3236 sed
1324 3180 1442 3234 unum

294 3331 310 3360 a
332 3295 514 3396 idemque.
541 3297 591 3372 Et
616 3296 686 3373 hoc
709 3297 904 3398 essequod
931 3296 1073 3373 dictum
1099 3299 1156 3372 est
1179 3326 1186 3370 :
1210 3296 1294 3372 Nou
1320 3292 1440 3369 credis

293 3467 308 3495 n
330 3430 420 3533 quia
437 3456 506 3532 ego
524 3432 563 3508 in
581 3433 697 3508 Patre
714 3435 751 3508 et
769 3433 885 3509 Pater
903 3432 943 3507 in
961 3455 1021 3507 mc
1038 3430 1118 3506 est?
1140 3465 1155 3493 a

342 3593 378 3676 2.
397 3613 437 3677 2⁰
455 3599 598 3675 Deinde
616 3599 841 3702 praeclarum
863 3598 1123 3677 testimonium
1148 3598 1288 3700 praebet
1309 3599 1439 3672 auctor
1551 3601 1552 3610 ‘

290 3739 416 3810 noster
432 3735 479 3812 ad
498 3736 728 3837 probandam
746 3735 970 3813 catholicam
988 3735 1230 3812 traditionem
1248 3733 1294 3808 de
1310 3737 1437 3808 aucto-

291 3866 402 3945 ritate
416 3868 581 3947 Romani
596 3870 792 3947 Pontificis
810 3869 932 3970 quoad
947 3869 1202 3946 definitionem
1220 3867 1436 3967 dogmatum

290 4006 389 4083 fidei.
412 4008 593 4097 Queritur
610 4011 709 4088 enim
728 4008 877 4089 Callisti
895 4008 1106 4087 doctrinam
1123 4008 1228 4085 brevi
1247 4009 1283 4104 (a)
1302 4030 1368 4108 per
1386 4010 1437 4083 to·

320 4255 349 4316 b)
373 4258 428 4309 Gir.
450 4271 535 4323 supra
563 4257 628 4324 Gap.
654 4259 688 4311 11.
716 4260 749 4310 N.
775 4261 789 4310 4
819 4259 846 4309 et
879 4261 923 4312 tus
947 4258 1059 4322 scripsit
1082 4255 1351 4318 Philosopboumeno
1374 4263 1435 4302 mox

288 4345 354 4410 Cap.
368 4345 417 4397 111.
432 4349 465 4399 N.
479 4351 503 4400 3.
884 4349 945 4414 post
961 4347 1067 4398 obitum
1086 4345 1203 4406 Callisti,
1221 4344 1299 4406 isque
1315 4341 1435 4406 quinquo

316 4439 346 4501 (ε)
364 4437 456 4502 Brevi,
475 4441 589 4506 iuquam
602 4457 609 4493 :
622 4456 686 4494 uam
710 4440 843 4507 Hippoly·
880 4441 988 4492 tantum
1000 4453 1089 4492 annos
1101 4437 1173 4490 rexit
1185 4435 1339 4490 ecclesiam.
