3154 5134
362 475 396 520 ur
418 477 507 522 ursin.
531 477 612 522 conc.
635 475 800 522 innocuum
825 477 869 524 m.
896 463 965 522 noe.
1182 467 1240 526 277

86 619 205 696 doxos
225 620 466 721 reputabant,
483 623 525 698 ut
542 621 702 698 habetur
719 646 765 697 ex
782 622 1006 701 testimoniis
1023 623 1237 714 Athanasii,

84 753 231 831 Hilarii
251 761 292 832 et
309 755 442 832 Basilii
460 759 511 854 (ι).

115 993 649 1058 (ilArunussrus,DeSprwdisAr-imini
681 1009 780 1048 ”nunc
808 997 1073 1048 anathematizantur
1098 1012 1115 1048 a
1145 998 1239 1050 nobisl

82 1096 106 1137 et
118 1086 258 1138 Seleuciae
276 1089 414 1138 celebratis
427 1101 453 1138 n.
471 1089 522 1138 tl:
537 1109 550 1130 ι
566 1087 648 1137 Viros

84 1201 96 1218 ι·
110 1177 171 1235 laih
185 1177 237 1240 qui
250 1177 308 1227 alia
322 1176 432 1240 quidem
443 1176 537 1228 omnia
549 1176 649 1226 Nicaeae

85 1269 221 1332 -scripta
245 1266 396 1332 recipiunt,
420 1267 453 1316 da
475 1266 535 1317 solo
557 1268 648 1316 autem

85 1357 365 1409 *consubstantialis
397 1356 529 1408 vocabulo
562 1355 647 1406 ambi-

87 1471 98 1486 ·
112 1449 194 1512 gunt,
211 1461 270 1499 nou
283 1449 312 1498 ut
329 1447 454 1498 inimicos
466 1447 587 1512 spectari
599 1460 649 1510 pur

86 1559 97 1576 ν
112 1541 163 1588 est.
178 1538 283 1600 Neque
296 1538 368 1587 enim
380 1537 453 1588 velut
464 1537 650 1589 ariomanitas

86 1629 160 1678 -aut
183 1628 305 1679 Petrum
325 1627 506 1688 adversarios,
525 1626 650 1677 homines

86 1740 98 1754 ·
111 1718 309 1783 aggredimur,
323 1718 370 1768 sed
382 1717 555 1781 disputamus
566 1715 649 1766 veluti

87 1829 98 1845 ·
113 1808 218 1860 iratres
243 1820 308 1858 cum
329 1808 467 1867 iratribus,
489 1807 536 1868 qui
554 1807 651 1858 eadem

87 1921 98 1940 n
112 1913 168 1962 qua
178 1913 233 1950 nos
243 1901 308 1950 sunt
317 1899 462 1958 sententia,
472 1899 531 1949 solo
542 1897 651 1950 nomine

88 2011 100 2028 ν
114 1989 144 2038 iu
165 1988 387 2040 controversiam
403 1987 552 2038 adducto...
573 1986 649 2039 'I'alis

683 1109 694 1127 ν
708 1087 779 1146 Quid
795 1088 922 1139 danobis
938 1088 1000 1150 erit,
1013 1088 1060 1151 qui
1076 1101 1134 1138 rem
1147 1101 1179 1140 eo
1194 1089 1240 1139 de·

683 1198 695 1218 n
709 1176 844 1238 ducimus,
857 1177 888 1226 ut
899 1177 964 1240 quia
978 1176 1101 1242 episcopi
1114 1189 1169 1229 non
1181 1177 1239 1228 iue-

683 1253 783 1325 frunt,
801 1279 851 1316 nos
867 1279 977 1330 quoque
993 1280 1043 1316 nec
1056 1266 1137 1332 [esset
1150 1279 1239 1330 coeps·

683 1377 694 1396 n
708 1356 946 1407 rimulerdinati
956 1357 1028 1408 enim
1038 1357 1073 1407 ab
1082 1356 1125 1406 his
1134 1369 1239 1418 sumus,

683 1447 735 1497 nat
753 1460 847 1498 eorum
866 1462 962 1499 sumus
979 1461 1163 1498 successores.
1184 1447 1238 1498 Re-

684 1536 869 1588 nnuntiemus
891 1537 1072 1602 episcopatui,
1096 1537 1161 1599 quia
1183 1537 1240 1587 oill-

685 1648 697 1668 ν
711 1627 783 1677 cium
802 1629 861 1690 ejus
874 1628 908 1676 ab
925 1628 1098 1678 anathemate
1116 1639 1240 1692 sumpse-

685 1738 696 1756 κ
711 1717 805 1766 rimus.
819 1717 887 1768 Date
900 1717 1017 1777 reniam,
1031 1719 1139 1778 iratres,
1151 1717 1240 1769 dolori

686 1829 698 1848 ν
712 1821 773 1857 meo
797 1823 802 1856 :
825 1807 940 1871 impium
962 1807 1099 1870 estquod
1122 1807 1239 1858 audetis.

686 1921 698 1942 κ
712 1899 774 1950 Non
786 1899 878 1962 patior
890 1900 960 1950 hanc
973 1910 1076 1960 rocem,
1089 1899 1119 1949 ut
1132 1899 1161 1949 in
1172 1912 1239 1950 ana-

685 2009 696 2028 n
711 1988 831 2038 themate
851 1987 888 2038 sit
906 1973 1071 2038 homousion
1088 1986 1240 2037 secuudum

88 2078 156 2128 -est
179 2077 305 2128 Basilius
327 2077 442 2141 Ancyrae
465 2077 512 2138 qui
537 2076 571 2126 de
594 2076 648 2126 tide
683 2076 869 2140 ”religiosam
908 2075 1119 2141 intelligentiam
1157 2075 1240 2127 confl-

90 2191 101 2210 ε
115 2171 231 2234 scripsit
242 2194 255 2211 w
268 2171 309 2230 (P.
321 2169 352 2220 u.
364 2171 383 2219 t.
393 2167 492 2219 XXVI.
504 2181 530 2232 p.
540 2169 606 2228 763).
617 2195 648 2241 -7
683 2189 696 2210 ··
710 2170 801 2218 tens...
816 2167 897 2218 Pium
908 2168 951 2218 est
965 2167 1038 2231 quod
1050 2165 1184 2217 volumus.
1195 2166 1240 2224 ,Ne

89 2257 227 2312 Humerus
240 2262 305 2310 item
324 2259 352 2308 iu
364 2273 414 2309 suo
427 2258 497 2308 libro
513 2259 546 2307 de
563 2255 647 2320 syna·
683 2281 695 2302 n
709 2257 872 2308 damnemus
895 2258 1001 2321 patres,
1025 2269 1059 2306 no
1086 2255 1240 2306 animemus

89 2352 130 2400 dis
149 2364 199 2400 seu
216 2353 252 2400 de
266 2351 320 2412 fide
338 2348 528 2408 Ommatium,
547 2349 648 2412 ubique
684 2371 696 2391 κ
709 2349 873 2400 haereticos:
889 2361 923 2399 ne
932 2349 997 2398 dum
1010 2347 1136 2399 haeresim
1149 2345 1240 2411 appel-

90 2453 137 2491 eos
153 2443 186 2492 ut
204 2442 306 2491 iratres
325 2439 484 2502 alloquitur,
503 2439 647 2503 speciatim
683 2461 695 2481 κ
708 2439 801 2494 limus.
820 2439 950 2489 haeresim
970 2436 1133 2489 nutriamus.
1152 2437 1240 2487 Inter-

91 2543 116 2580 u.
129 2531 178 2581 88:
191 2555 204 2573 u
216 2529 399 2590 Homeusion,
410 2529 576 2580 sanctissimi
586 2529 646 2590 viri,

92 2645 103 2658 ·
118 2621 247 2688 intelligo
264 2635 296 2670 ex
313 2619 370 2671 Deo
386 2619 484 2680 Deum,
498 2633 552 2670 non
569 2619 648 2669 dissi-

93 2732 104 2746 ·
117 2710 192 2762 milis
202 2709 339 2770 essentiae,
348 2722 401 2760 nou
413 2709 593 2766 divisumsed
603 2720 649 2758 na-

91 2820 102 2834 ·
116 2801 219 2861 tum,ei
232 2813 266 2851 ex
279 2799 451 2850 innascibilis
462 2799 511 2848 Dei
521 2801 648 2851 substan·

91 2911 102 2924 ·
116 2891 154 2940 tia
170 2889 347 2956 congenitam
361 2890 389 2940 in
407 2889 488 2947 Filio,
499 2890 649 2940 secundum

93 2977 340 3038 -similitudinem,
359 2977 530 3043 unigenitam
555 2978 650 3028 nativi-

92 3087 103 3104 *
117 3067 234 3119 tatem...
252 3067 423 3118 Decernatur
445 3067 513 3117 nihil
529 3067 649 3127 differre,

93 3155 199 3207 -unius
215 3157 244 3206 et
256 3155 356 3206 similis
373 3169 432 3207 esse
451 3157 643 3208 substantias...

93 3243 210 3296 ·Unum
236 3247 318 3309 atque
341 3245 413 3296 idem
442 3245 486 3309 pie
514 3245 645 3310 sapimus,

94 3353 105 3369 ν
118 3347 185 3400 rogo
197 3337 229 3386 ut
241 3349 326 3385 uuum
338 3337 420 3397 atque
433 3336 504 3386 idem
517 3337 589 3399 quod
603 3349 646 3386 sa-

94 3444 105 3464 n
119 3423 219 3488 pimus,
230 3425 306 3489 pium
315 3425 388 3476 inter
397 3439 514 3478 nosesse
523 3427 645 3479 velimus.

96 3511 188 3566 ·Date
208 3514 329 3574 reniam,
357 3517 469 3577 iratres,
492 3531 574 3580 quam
596 3519 647 3570 tre-

96 3622 106 3637 ·
120 3607 236 3665 quanter
248 3605 377 3668 poposci:
390 3607 484 3657 Ariani
497 3621 551 3658 non
564 3609 648 3659 estis:

97 3705 168 3743 *cur
182 3695 308 3758 negando
322 3694 485 3746 homousion
501 3698 651 3749 censemini

682 2552 694 2572 s
708 2520 809 2594 prelati
824 2530 916 2593 patres
932 2528 1019 2580 nostri
1032 2528 1095 2578 sunt
1114 2529 1175 2591 post
1191 2525 1237 2592 Sy-

683 2641 695 2662 s
711 2619 962 2670 nodumNicasnam
970 2616 1107 2669 homousii
1117 2616 1240 2680 proprie-

711 2709 794 2758 tatem
805 2707 1057 2772 religiose,exstant
1065 2704 1137 2761 libri,
1148 2706 1240 2755 manet

710 2799 879 2850 conscientia
893 2815 899 2849 :
913 2799 936 2848 si
950 2798 1014 2862 quid
1027 2798 1062 2849 ad
1075 2797 1237 2860 iuterpreta-

685 2913 697 2934 κ
711 2889 814 2941 tionem
826 2888 980 2940 addendum
993 2888 1043 2947 est,
1056 2885 1239 2937 communiter

685 2999 697 3020 v·
710 2977 896 3028 consulamus.
910 2977 1006 3027 Potest
1021 2976 1092 3026 inter
1108 2987 1158 3024 nos
1170 2974 1239 3038 opti-

711 3082 772 3118 mus
787 3066 850 3130 ildei
869 3067 956 3117 status
972 3065 1073 3115 condi:
1090 3064 1120 3114 ut
1139 3077 1189 3114 nec
1206 3077 1239 3114 ea
1325 3127 1326 3131 Ἰ

680 3179 692 3198 a
706 3171 767 3220 ques
780 3159 849 3208 bena
861 3157 924 3207 suni
934 3155 1084 3206 constituta
1095 3155 1238 3216 vexentur,

682 3269 694 3290 n
708 3247 735 3296 ct
745 3260 805 3310 quas
813 3246 883 3296 malo
893 3245 957 3295 sunt
967 3243 1106 3295 intellecta
1116 3255 1237 3293 resecen-

709 3338 762 3386 tur.
781 3334 819 3402 [n.
837 3333 879 3400 92]
898 3335 1035 3400 Egressus
1050 3347 1122 3390 sum,
1139 3332 1238 3382 iratres

682 3427 878 3488 amarissimi,
908 3429 1034 3477 humanae
1063 3423 1238 3476 conscientiae

709 3519 842 3582 pudorem
857 3533 863 3569 ε
878 3519 905 3568 et
921 3517 1085 3568 humilitatis
1103 3529 1170 3568 meae
1186 3515 1236 3566 im·

684 3631 697 3651 s
711 3622 826 3670 memor,
837 3609 870 3658 de
883 3607 965 3659 tantis
976 3621 1008 3658 ac
1021 3607 1076 3658 tam
1089 3606 1238 3658 reconditis

687 3721 698 3738 n
712 3699 793 3749 rebus
805 3699 832 3750 et
843 3697 878 3748 ad
891 3711 976 3760 usque
990 3699 1059 3747 hanc
1069 3697 1176 3747 aetatsm
1190 3709 1237 3748 no-

98 3783 235 3834 ·Arianil
262 3805 274 3823 ·
298 3782 339 3846 (P.
364 3783 396 3836 L.
420 3785 440 3835 t.
469 3785 504 3836 X.
532 3801 558 3850 p.
582 3787 649 3844 540).
686 3789 799 3838 ”stram
820 3786 961 3838 intentatis
978 3801 1010 3835 ac
1034 3784 1126 3835 tacitis
1144 3797 1239 3835 amore

97 3868 130 3921 Et
142 3887 167 3926 n.
183 3876 214 3925 ill
227 3874 266 3924 ita
281 3887 328 3924 eos
339 3875 428 3939 carpit
445 3878 517 3939 quod
538 3879 649 3930 homou-
685 3880 792 3954 ”vestri
808 3881 920 3930 coactus
938 3879 996 3928 luae
1011 3876 1119 3941 scripsi,
1135 3878 1161 3926 et
1178 3889 1239 3938 quae

99 3962 652 4021 sionanathematedamuavisseut:uOro
687 3991 699 4012 n
713 3969 772 4033 ipse
789 3969 934 4019 credebam
949 3967 1058 4018 locutus
1073 3980 1165 4017 sum...
1186 3965 1239 4024 Vs·¹
1290 3989 1296 3994 ·

100 4069 179 4120 uros,
196 4057 305 4118 iratres,
323 4057 436 4109 adimite
456 4059 649 4124 suspicionem,
685 4084 697 4104 s
711 4061 799 4111 strum
814 4062 855 4112 est
871 4060 900 4110 in
916 4073 1060 4111 commune
1075 4061 1194 4110 tractare
1206 4073 1239 4110 ac

101 4147 259 4198 =excludne
279 4147 460 4199 occasionem.
483 4149 520 4200 Ut
540 4151 650 4213 probari
685 4173 698 4194 n
711 4150 945 4214 providereatque
960 4163 1052 4214 agere,
1066 4151 1097 4200 ut
1108 4150 1181 4213 quod
1193 4165 1238 4201 us-

101 4255 112 4272 ·
124 4237 210 4299 possit
229 4238 411 4298 lromoeusion,
436 4253 491 4290 non
513 4239 651 4304 improbe·
688 4263 700 4285 s
714 4253 766 4305 que
782 4254 855 4292 nuuc
871 4239 1023 4291 inviolabili
1039 4240 1093 4292 lide
1111 4243 1238 4304 manetis,

103 4337 185 4375 ·mus
200 4325 371 4378 homousion.
385 4327 544 4393 Cogitemus
556 4331 597 4381 tot
608 4344 651 4380 sa·
686 4353 699 4374 n
711 4331 843 4396 religiosa
853 4328 1023 4380 conscientia
1034 4330 1201 4380 conservetis
1212 4333 1241 4382 et

104 4415 250 4466 -cerdotes
273 4417 382 4467 sanctos
405 4418 433 4468 et
452 4417 624 4480 quiescentes
646 4435 652 4469 :
689 4441 701 4460 a
714 4419 830 4470 teneatis
839 4417 912 4481 quod
921 4415 1238 4482 tenetisu(lbid.p.543).

105 4521 115 4538 ·
126 4505 189 4567 quid
198 4503 233 4555 de
246 4503 326 4557 nobis
334 4504 618 4570 Dominusjudicabit,
629 4507 651 4558 si
685 4507 766 4560 Certe
777 4519 833 4558 non
845 4519 878 4558 ea
893 4504 1028 4556 modestia
1037 4503 1161 4555 Hilarius
1171 4503 1239 4556 allo-

1197 4631 1219 4672 N
