3154 5134
481 483 561 529 conc.
585 481 753 529 anrrocnnu
775 481 826 526 an.
848 464 918 525 269.
1210 463 1264 523 291

112 664 261 764 dogma
293 662 457 738 maxime
480 661 627 743 idonea.
653 659 716 737 sed
740 658 889 735 nonnisi
912 660 996 760 post
1021 656 1144 759 plures
1174 657 1269 734 alias
1364 662 1367 671 '

112 797 335 898 propositas
353 794 547 885 formulas
561 820 677 898 quum
689 794 859 870 viderent
876 816 938 868 eas
956 816 1082 868 omnes
1100 792 1147 869 ab
1158 792 1267 868 Aria-

112 930 173 1006 nis
188 953 316 1032 prava
328 929 633 1031 interpretatione
646 927 747 1004 eludi
760 929 798 1003 et
811 927 857 1003 ad
872 925 1038 1028 ipsorum
1052 951 1266 1027 perversam

112 1061 333 1139 doctrinam
354 1061 640 1150 accommodari,
664 1061 772 1164 quasi
795 1061 913 1139 coacti
931 1064 968 1136 et
985 1061 1130 1138 nullam
1152 1060 1267 1139 aliam

112 1196 222 1274 viam
242 1197 469 1300 reperientes
482 1196 529 1273 ad
546 1195 640 1272 illud
654 1194 957 1298 praecavendum,
973 1194 1202 1273 devenerunt
1218 1194 1266 1271 ad

112 1329 380 1432 usurpandam
417 1315 546 1406 vocem
578 1339 729 1419 troadem.
764 1326 824 1404 Ita
857 1326 999 1405 scilicet
1037 1351 1115 1404 rem
1153 1328 1267 1407 refert

113 1465 355 1542 Athanasius
384 1465 489 1542 testis
519 1463 682 1540 ocularis
706 1467 743 1561 (1)
768 1493 775 1539 :
806 1498 821 1528 κ
851 1461 948 1540 Oum
978 1466 1105 1538 autem
1135 1487 1267 1540 rursus
1366 1479 1370 1490 ⁴

118 1635 134 1662 n
157 1598 328 1701 episcopi
351 1597 517 1675 dicerent
540 1596 776 1673 scribendum
798 1621 878 1673 esse
899 1597 1064 1672 Verbum
1087 1596 1265 1674 virtutem

118 1769 134 1799 a
157 1758 293 1810 veram
321 1733 594 1834 imaginemque
619 1733 748 1808 Patris
773 1721 866 1820 esse,
894 1731 1001 1832 eique
1027 1731 1066 1807 in
1092 1732 1264 1809 omnibus

119 1905 135 1934 n
158 1871 244 1946 sine
263 1869 342 1946 ulla
358 1894 511 1972 prorsus
534 1868 717 1947 varietate
738 1889 817 1944 esse
838 1866 1086 1956 simillimum,
1106 1867 1264 1968 denique

120 2040 135 2068 π
158 2003 411 2093 immutabile,
431 2028 649 2105 semperque
665 2028 758 2092 esse,
774 2028 818 2079 ac
836 2003 916 2079 sine
933 2001 1116 2078 divisione
1129 2002 1169 2079 in
1184 2004 1264 2105 ipso

122 2177 138 2204 a
160 2165 246 2217 esse
270 2171 277 2216 :
304 2167 370 2218 nec
396 2141 497 2217 enim
520 2165 687 2242 unquam
713 2164 787 2216 non
813 2138 896 2227 fuit,
929 2136 991 2212 sed
1018 2136 1090 2212 fuit
1119 2162 1264 2241 semper

121 2310 137 2337 n
160 2275 346 2363 Verbum,
362 2274 460 2376 quod
478 2278 514 2351 et
532 2275 578 2350 ab
596 2275 804 2352 aeternitate
821 2273 919 2375 apud
938 2274 1092 2349 Patrem
1105 2275 1261 2366 exstit't,

122 2445 138 2473 n
159 2413 344 2512 tanquam
366 2408 461 2485 lucis
487 2408 687 2510 splendor:
715 2408 774 2484 his
796 2411 921 2484 autem
947 2431 1032 2483 cum
1058 2407 1261 2512 Eusebiani

122 2577 138 2606 n
161 2567 374 2644 repugnare
410 2569 483 2619 non
516 2544 708 2632 auderent,
744 2547 871 2645 utpote
905 2567 997 2642 quos
1031 2545 1264 2645 suppudebat

123 2711 138 2739 n
160 2676 353 2752 convictos
367 2680 404 2753 et
420 2677 629 2753 confutatos
647 2676 775 2767 fuisse,
795 2681 921 2752 tamen
938 2675 1157 2777 deprehensi
1177 2686 1264 2758 sunt

123 2841 139 2870 n
161 2806 263 2884 inter
287 2833 326 2884 se
349 2808 485 2884 iterum
508 2834 746 2886 murmurare
774 2809 965 2910 oculisque
992 2809 1147 2888 innuere
1173 2812 1264 2891 istas

124 2979 139 3007 n
161 2968 274 3021 voces
290 2946 428 3033 simile,
447 2971 608 3043 semper,
629 2947 811 3034 virtatem
827 2950 864 3022 et
881 2947 924 3022 ia
942 2947 1036 3042 epse,
1054 2947 1159 3024 nobis
1177 2973 1263 3027 cum

124 3113 139 3142 n
162 3078 263 3155 Filio
280 3104 360 3156 esse
378 3104 606 3169 communes,
626 3104 670 3157 ao
688 3079 842 3181 proinde
859 3077 955 3155 nibil
973 3078 1048 3155 illis
1066 3080 1264 3160 molestum

126 3249 141 3277 n
163 3213 298 3302 videri,
312 3215 343 3291 si
356 3215 438 3292 haec
450 3242 518 3293 nos
532 3219 836 3320 approbaremus.
853 3219 951 3294 Nam
963 3218 1060 3318 quod
1074 3218 1121 3294 ad
1135 3245 1264 3298 vocem

127 3383 142 3410 n
163 3349 303 3424 similis
333 3353 490 3450 spectat,
518 3376 575 3439 ea,
600 3351 831 3452 inquiebant,
859 3351 964 3428 nobis
990 3374 1136 3451 quoque
1160 3355 1265 3430 attri-

127 3515 142 3544 n
164 3481 307 3572 buitur,
339 3484 477 3587 quippe
507 3509 592 3562 cum
624 3487 805 3588 scriptum
829 3486 907 3562 sit:
934 3489 1057 3562 Homo
1083 3488 1206 3585 imopo
1229 3503 1265 3567 et

127 3651 143 3678 ν
161 3618 287 3713 plorio
303 3619 377 3694 Dei
395 3629 450 3695 est
469 3618 507 3718 [I
528 3624 612 3698 Cor.
629 3645 683 3697 xl.
704 3623 761 3720 7].
778 3620 863 3696 Vox
884 3644 1032 3715 semper
1053 3621 1158 3697 nobis
1178 3623 1265 3700 item

129 3753 358 3841 ”convenit;
383 3778 471 3830 nam
493 3756 674 3856 scriptum
699 3759 785 3832 est:
811 3761 965 3852 Semper
987 3757 1090 3832 caim
1116 3782 1184 3834 nos
1209 3764 1263 3834 oi-

128 3919 143 3948 n
166 3869 293 3961 ventes
312 3885 368 3986 [II
385 3891 467 3965 Cor.
489 3913 538 3964 rv.
560 3891 632 3989 11].
654 3890 733 3966 Nec
748 3889 828 3966 haec
845 3890 973 3978 verba,
989 3892 1029 3965 ia
1047 3891 1140 3986 epse,
1161 3916 1265 3971 ano·

130 4059 144 4087 n
166 4025 223 4101 bis
240 4028 328 4102 sunt
345 4023 482 4114 aliena,
502 4027 592 4128 quia
615 4029 658 4103 ia
677 4029 756 4124 qood
774 4030 941 4104 vicimus
963 4039 999 4104 ct
1016 4053 1214 4106 movemur
1229 4046 1266 4110 et

131 4192 146 4220 a
165 4182 304 4234 samos
322 4145 630 4262 [Act.'xv11.28].
648 4163 911 4239 Immotobiles
929 4185 1073 4262 quoque
1090 4143 1264 4257 dicimur,

163 4465 194 4532 (1)
207 4467 247 4518 ne
259 4470 330 4521 reor.
341 4467 404 4521 na.
417 4469 483 4534 syn.
503 4484 529 4534 n.
543 4472 574 4522 so
586 4471 629 4534 (P.
643 4469 674 4520 o.
689 4471 708 4520 t.
719 4467 803 4520 xxv.
817 4483 844 4533 p.
857 4443 924 4530 iao).
