3208 5150
480 1103 713 1248 CAPUT
755 1103 858 1186 ΙΙΙ.

118 1331 258 1388 [TRL'M
281 1337 409 1394 VICTOR
428 1341 578 1396 Asmrsos
600 1340 820 1398 PERVICACES
842 1337 1211 1407 dxcommi'mcsrrom

560 1451 785 1506 SUBJECERIT.

141 1912 177 1994 l.
211 1916 436 2015 Negotivcm
469 1919 690 1996 sententiam
721 1921 876 1994 tuentur
910 1918 1113 2006 Vicissim,
1147 1918 1236 1994 Not.

92 2053 353 2141 mmmmm,
370 2055 578 2142 Stirnides
598 2056 635 2130 et
652 2051 730 2142 alii,
751 2053 814 2154 qui
833 2051 941 2129 oiunt
957 2053 1148 2128 Victorem
1166 2076 1241 2127 non

93 2184 321 2282 processisse
349 2181 449 2264 ultra
474 2189 608 2265 minas.
628 2187 889 2265 Affirmantem
911 2213 1000 2264 vero
1024 2189 1237 2274 Brromos

95 2319 242 2398 Minos
273 2323 330 2420 (P.
364 2326 438 2421 os),
468 2325 780 2414 ScflsLsrmmrs,
809 2323 1050 2410 Roscrmm
1079 2323 1237 2409 Primus,

95 2456 340 2549 Tirisirorm
361 2461 579 2539 Coosrrisr.

142 2621 180 2703 2.
199 2643 234 2706 1.
256 2627 409 2705 Priores
427 2633 553 2706 autem
572 2629 653 2706 haee
671 2629 748 2706 fere
772 2633 997 2730 argumenta
1014 2627 1209 2730 proferunt
1229 2656 1236 2703 :

144 2779 180 2848 1⁰
206 2771 478 2867 memmsos
504 2803 603 2856 anno
626 2779 776 2856 circiter
796 2784 869 2857 256
893 2776 998 2854 illam
1022 2781 1239 2854 controver-

95 2902 187 2981 siam
206 2931 433 3000 memorans
453 2911 590 2989 diserte
612 2944 618 2988 :
639 2950 655 2978 a
678 2915 756 2990 Nec
769 2919 895 2990 tamen
909 2913 984 3012 (ait)
995 2925 1156 3010 propter
1173 2919 1238 2988 doe

93 3043 135 3112 od
168 3045 335 3118 ecclesr‘oe
363 3039 559 3122 'rotirolr'coc
579 3073 677 3144 poce
706 3061 820 3144 atque
851 3048 1001 3122 coitate
1030 3049 1237 3140 aliquando

95 3174 305 3251 discessum
321 3189 376 3253 est
396 3213 411 3242 n
434 3182 483 3276 (1).
506 3179 549 3255 Id
567 3180 696 3283 utique
719 3206 792 3257 non
815 3180 970 3257 dixisset
991 3179 1237 3256 Firmilianus

96 3305 123 3378 si
145 3311 235 3383 ante
259 3311 455 3410 sexaginta
476 3338 594 3391 annos
612 3316 744 3392 Asiani
768 3320 920 3418 propter
944 3315 1014 3391 hoc
1039 3314 1236 3391 dissidium

94 3436 135 3512 de
157 3439 408 3520 celebratione
432 3447 630 3526 Pesehotis
658 3475 682 3526 e
704 3451 964 3527 communione
986 3449 1237 3526 ecelesiastica

96 3575 253 3655 fuissent
269 3583 445 3682 separati.

142 3743 178 3826 3.
194 3756 236 3826 2⁰
255 3749 444 3830 Ersrmrrs
465 3755 520 3831 ait
543 3755 734 3830 Victorem
755 3765 938 3830 coiectum
959 3779 1038 3829 esse
1060 3752 1161 3827 Asiae
1178 3777 1235 3828 eo·

97 3885 222 3967 desios
241 3914 266 3966 a
283 3891 471 3966 communi
491 3889 635 3968 unitate
652 3892 849 3990 amputare
868 3889 918 3985 (e).
941 3887 1042 3986 Ergo
1061 3909 1139 3960 rem
1163 3911 1235 3961 non

99 4019 259 4116 perfecit.

143 4195 179 4278 4.
202 4206 245 4277 3⁰
269 4199 393 4278 Ceteri
419 4201 595 4303 episcopi,
622 4203 706 4301 post
729 4198 847 4275 lotam
870 4221 893 4274 o
916 4196 1066 4272 Victore
1090 4199 1234 4268 senten-

129 4495 155 4556 (ι)
165 4493 292 4562 Αρροηά.
308 4505 370 4557 pag.
383 4485 413 4541 ll
425 4493 483 4542 init.
712 4493 742 4550 ts>
756 4490 826 4541 ibid.
840 4503 902 4554 pag.
917 4483 935 4538 8
948 4487 1007 4537 init.

675 4585 688 4610 t
