3132 5140
511 427 571 472 cnr.
595 428 633 472 u.
658 427 693 474 sn
715 428 936 474 rcurumuncs.
1231 415 1292 476 185

149 590 330 691 »tyrium
360 593 481 669 novis.
515 593 608 680 Quis
638 596 785 695 martyr
814 593 931 670 seculi
962 592 1101 680 incola,
1128 594 1292 672 denariis

146 767 164 794 a
187 731 358 834 supplex,
378 733 522 810 medico
540 732 722 810 obnoxius
741 737 777 810 ct
795 731 1035 810 soeneratorit
1063 768 1079 798 n
1102 734 1139 830 (ι)

198 922 257 1006 12.
283 925 393 1004 Certe
427 927 556 1027 negari
586 950 661 1002 non
689 929 811 1028 potest
844 949 890 1001 ex
920 925 979 1001 his
1013 925 1186 1002 omnibus
1211 927 1291 1026 jam

140 1059 257 1160 longe
281 1061 463 1162 majorem
481 1059 782 1162 probabilitatem
800 1059 1000 1136 accessisse
1017 1059 1182 1162 opinioni
1208 1084 1292 1161 quae

139 1197 514 1291 Plcc'losmohoccmeuo
540 1194 713 1271 attribuit
739 1193 985 1271 Tertulliano.
1006 1195 1061 1272 Ut
1077 1193 1289 1284 minimum,
1316 1217 1318 1224 ’

139 1352 190 1402 cx
211 1325 256 1401 iis
273 1326 569 1403 concludendum
586 1327 737 1405 omnino
754 1327 904 1404 videtur
922 1327 1210 1418 Tertullianum,
1227 1329 1291 1431 qui

141 1459 242 1536 forte
260 1460 393 1538 Romae
412 1461 514 1562 clegit
530 1467 696 1564 tempore
713 1461 952 1563 pontificatus
970 1460 1185 1564 Zephyrini‚
1205 1485 1291 1537 cum

140 1605 298 1676 auctore
325 1602 470 1677 Philus,
504 1600 734 1677 consensisse
759 1601 941 1677 adversus
967 1599 1185 1689 Callistum
1216 1603 1291 1680 imo

141 1735 211 1809 vix
224 1735 373 1812 videtur
390 1735 570 1838 explicari
588 1761 695 1838 posse
708 1740 813 1812 tanta
830 1737 1095 1814 concordantia
1112 1742 1291 1838 quantam

140 1869 382 1972 perperimus
413 1870 511 1947 inter
540 1870 640 1946 locos
671 1871 850 1972 quosdam
880 1870 966 1947 libri
997 1870 1053 1946 IX
1082 1872 1225 1947 Peiros.
1255 1876 1292 1949 ct

140 2003 327 2080 librorum
351 2003 576 2081 Tertulliani
601 2011 799 2082 Aduersus
819 2011 1018 2083 Proacouc
1041 2010 1078 2082 ct
1101 2011 1146 2081 de
1169 2008 1290 2082 Pudi-

139 2142 252 2228 cz'tz'u,
279 2140 370 2242 quin
397 2145 631 2244 supponatur
660 2141 756 2219 alter
784 2167 869 2219 cum
899 2142 1016 2220 altero
1047 2167 1177 2219 sensus
1203 2167 1291 2220 suos

139 2276 451 2352 communicasse.
473 2279 651 2352 Attamen
668 2275 769 2352 ultra
792 2277 889 2353 hanc
906 2275 1198 2378 suppositionem
1217 2301 1291 2351 non

137 2435 223 2488 csse
248 2411 523 2513 procedendum
549 2437 616 2488 nec
642 2413 885 2490 recedendum
911 2439 934 2490 a
964 2413 1146 2490 sententia
1175 2438 1288 2514 quam

137 2569 259 2646 supra
282 2545 546 2647 proposuimus
569 2545 614 2622 de
642 2546 862 2648 Hippolyto,
888 2547 1046 2622 suadent
1071 2550 1152 2623 tum
1176 2569 1288 2645 argu-

136 2685 269 2758 menta
294 2681 429 2782 quibus
454 2681 535 2758 haec
561 2683 744 2758 sententia
765 2683 921 2784 probata
947 2684 1117 2768 est‚tum
1139 2705 1290 2781 eaquae
1327 2699 1328 2702 ’

134 2818 255 2917 hujus
281 2815 375 2918 Gap.
397 2817 466 2892 VI.
487 2819 569 2894 Art.
592 2817 665 2894 let
686 2816 724 2893 II
749 2816 865 2894 allata
887 2819 976 2893 sunt
998 2815 1181 2892 adversus
1207 2837 1290 2888 sen·

130 2953 296 3032 tentiam
314 2977 399 3054 quae
420 2955 564 3030 Psilos.
585 2959 776 3031 auctorem
798 2950 1079 3030 Tertullianum
1096 2946 1288 3051 supponit.

164 3251 196 3306 n>
210 3247 243 3297 r.
259 3246 290 3300 1..
305 3247 324 3297 r.
337 3247 374 3298 11.
389 3261 415 3314 p.
431 3249 502 3302 1027.
