3208 5150
350 429 408 474 uu.
434 430 453 474 ι.
477 427 595 483 uuonan
616 427 643 471 m
665 425 872 472 conroovrasm
895 425 1007 470 essmr.
1218 411 1255 470 53

143 591 191 664 cst
209 591 277 670 dies
296 621 362 698 quo
383 594 592 672 celebratur
613 592 793 700 memoria
818 589 1103 667 resurrectionis
1127 591 1255 667 Domi·

144 717 238 814 nicae,
258 729 435 831 antiquius
457 731 583 804 autem
613 753 688 804 non
714 727 795 804 haec
825 725 885 802 vel
916 724 1050 802 saltem
1075 750 1150 802 non
1173 724 1254 802 haec

145 851 213 932 sola
234 859 280 937 illi
302 863 532 939 tribuebatur
557 859 782 962 significatio
807 862 857 958 (ι).
887 859 971 946 Quo
997 849 1114 959 igitur
1140 858 1253 960 hujus

145 976 210 1064 litis
241 995 322 1072 ratio
353 994 500 1097 plenius
537 992 790 1095 intelligatur,
831 994 912 1093 ejus
948 991 1107 1094 historia
1140 992 1253 1095 paulo

144 1101 240 1190 altius
258 1117 395 1194 videtur
418 1115 628 1218 repetenda.

183 1295 215 1380 2.
243 1305 412 1407 Apostoli,
449 1305 620 1405 quamvis
654 1304 774 1404 legem
810 1304 956 1404 Moysis
992 1301 1136 1380 Christi
1172 1302 1252 1403 lege

138 1430 325 1539 abrogatam
358 1442 516 1529 scirent,
552 1440 732 1542 quosdam
771 1445 895 1516 tamen
930 1440 1025 1515 ritus
1060 1443 1097 1516 et
1130 1463 1251 1515 mores

139 1559 297 1652 llosaicos
321 1577 568 1664 retinuerunt,
588 1574 699 1676 idque
719 1574 780 1651 vel
807 1575 855 1652 ad
883 1575 994 1651 breve
1020 1579 1181 1677 tempus,
1203 1573 1249 1650 ad

136 1694 324 1786 ludaeorum
348 1709 524 1787 videlicet
553 1707 792 1786 offensionem
823 1708 1031 1796 vitandam,
1064 1715 1106 1786 ut
1135 1733 1251 1810 quum

136 1829 166 1908 io
188 1843 325 1921 concilio
350 1843 694 1944 Hierosolymitano
733 1842 904 1920 fidelibus
936 1842 1251 1920 abstinentiama

136 1969 296 2054 suffocatis
325 1983 362 2054 et
394 2003 418 2054 a
447 1976 629 2077 sanguine
663 1980 935 2078 praeceperunt,
972 1974 1176 2053 ueletiam
1211 1975 1249 2052 in

136 2111 339 2207 perpetuum,
360 2110 577 2188 Christiano
595 2089 705 2187 sensu
724 2111 769 2186 iis
788 2111 1079 2188 accommodato.
1098 2113 1157 2190 lta
1174 2113 1247 2189 Pa-

134 2234 273 2320 schalem
301 2244 543 2322 festivitatem
561 2244 732 2320 convivio
758 2249 795 2321 ct
820 2245 1081 2322 communione
1098 2245 1246 2322 Eucha-

135 2366 230 2450 ristiae
244 2402 349 2480 agere
366 2381 642 2454 consueverunt
662 2406 670 2452 :
691 2376 737 2454 ad
755 2402 866 2478 quem
885 2378 1000 2454 ritum
1019 2378 1246 2455 servandum

132 2501 236 2600 plures
250 2513 367 2592 obviae
384 2517 493 2589 erant
510 2513 686 2601 rationes,
707 2514 804 2615 quod
822 2513 963 2592 scilicet
983 2545 990 2590 :
1015 2521 1051 2591 l⁰
1069 2516 1153 2617 Ipse
1171 2516 1244 2592 Do-

133 2640 233 2728 minus
255 2649 322 2726 hoc
344 2647 452 2724 modo
475 2646 625 2724 Pascha
645 2672 731 2724 cum
756 2648 950 2750 discipulis
974 2648 1240 2730 celebraverat.

131 2775 161 2845 2⁰
185 2777 235 2857 ltu
261 2781 479 2858 memoriam
510 2781 721 2860 recolebant
746 2805 864 2858 sacrae
894 2807 1011 2858 coenae
1037 2807 1061 2859 a
1091 2783 1243 2862 Christo

130 2913 284 3006 institutae
297 2928 337 3003 in
352 2927 425 3002 line
438 2925 634 3002 Paschalis
649 2926 825 3003 convivii.
842 2933 881 3003 3⁰
895 2927 1057 3004 Auctore
1070 2895 1192 3004 l³aulo
1205 2933 1242 3026 (r)

128 3075 226 3155 agnus
253 3060 439 3166 paschalis
472 3061 693 3138 Judaeorum
724 3061 847 3163 ligura
876 3062 948 3138 fuit
977 3063 1068 3140 Jesu
1099 3062 1242 3142 Christi

128 3194 360 3296 propeccatis
390 3194 585 3272 hominum
614 3195 811 3285 immolati,
843 3221 887 3273 ao
921 3198 1075 3299 proinde
1104 3200 1242 3301 optimc

127 3318 273 3403 divinum
290 3326 361 3404 hoc
379 3327 605 3404 sacrificium
623 3329 661 3404 in
679 3329 897 3406 memoriam
916 3331 1083 3408 revocari
1102 3337 1139 3409 ct
1155 3337 1242 3410 anto

125 3461 229 3538 oculos
252 3459 368 3539 veluti
393 3463 479 3563 poni
503 3465 649 3564 poterat
666 3488 732 3565 per
751 3463 1073 3546 adumbrationem
1095 3467 1175 3568 ejus
1195 3470 1241 3545 ab

126 3587 186 3692 ipso
203 3597 279 3673 Deo
297 3595 336 3670 in
354 3596 472 3671 veteri
483 3593 571 3696 lege
589 3597 861 3699 praescriptam.
1028 3647 1030 3652 -

159 3785 190 3868 3·
214 3790 404 3874 Attamen,
436 3786 533 3862 sicut
556 3813 622 3889 pro
649 3789 908 3866 observatione
931 3792 1076 3868 sabbati
1107 3795 1241 3871 substi-

122 3925 184 4002 tuta
200 3931 256 4002 est
269 3921 375 4000 brevi
392 3921 601 3999 observatio
619 3923 693 3999 diei
707 3925 926 4014 Dominicae‚
946 3926 999 4003 ita
1016 3927 1130 4004 etiam
1143 3929 1242 4006 lesti-

140 4233 162 4296 ll
174 4231 305 4294 Quium)
322 4228 377 4278 dUO
389 4226 593 4292 distinguebam
605 4243 651 4294 pa·
688 4233 906 4284 resurrectionis.
924 4233 985 4285 Vid.
1004 4235 1147 4297 Solonius,
1173 4235 1239 4287 Tac.

118 4333 202 4394 schola,
216 4327 321 4394 πάσχα
332 4319 509 4390 aeacidarum
527 4341 575 4378 seu
591 4342 652 4379 cru.
685 4343 762 4380 gam..
777 4331 811 4380 ad
823 4333 898 4381 verh-
914 4329 1022 4399 ’raiaza'
1261 4321 1265 4330 .

117 4432 236 4486 cilxionis
256 4433 282 4481 et
300 4424 593 4496 πάσχωῖινκστάσιμαν
608 4444 656 4483 sau
723 4433 752 4496 tr)
762 4431 783 4483 1.
800 4431 861 4486 Cor.
876 4448 900 4485 v.
914 4437 939 4486 7.
