3170 5134
311 417 349 476 ao
550 435 620 482 ntes.
643 435 685 485 ιιι.
708 439 744 485 oe
765 435 891 485 luetone
912 437 1209 486 rnrnosornomraror.

361 602 400 684 4.
425 622 478 686 11.
499 608 550 683 At
573 632 647 684 non
670 631 792 709 pauca
813 611 1015 710 suppetunt
1037 575 1195 685 iuterna
1212 607 1352 718 indicia
1370 630 1468 711 ope·

310 743 362 818 ris
380 743 498 820 nostri
516 743 649 844 (quoad
667 746 830 843 aetatem)
848 744 1066 822 authentice.
1088 744 1237 821 Etenim

360 907 396 976 l⁰
422 900 476 978 Ut
492 905 591 977 recte
608 906 714 978 notat
735 927 785 979 os
808 903 924 982 Rossr
942 907 993 1004 (ι),
1020 904 1176 1006 quilibet
1193 905 1365 1007 scriptor,
1386 908 1462 1007 qui

308 1034 403 1111 forte
420 1035 621 1111 confictum
637 1060 661 1112 a
678 1061 717 1112 se
734 1062 827 1139 opus
845 1039 968 1140 prisco
986 1040 1131 1116 auctori
1149 1065 1356 1143 supponere
1374 1045 1462 1117 stu-

307 1169 405 1258 deat,
425 1174 533 1246 caute
550 1170 751 1248 admodum
764 1173 912 1251 incedat
929 1198 1079 1252 necesse
1098 1179 1155 1252 est
1172 1180 1284 1278 atque
1301 1176 1354 1253 ita
1371 1174 1461 1254 sere

306 1311 482 1410 ut'neque
495 1307 607 1384 nimis
625 1307 665 1384 in
678 1313 847 1410 apertam
861 1311 978 1389 veluti
993 1291 1187 1415 planitiem
1201 1311 1455 1414 exspatiatur,

192 1517 196 1524 ,
305 1465 424 1542 neque
440 1439 584 1518 leviora
601 1442 772 1542 quaedam
790 1445 968 1546 adjuncta
988 1471 1114 1524 rerum
1132 1447 1307 1548 attingat,
1328 1471 1457 1546 neque

305 1578 344 1654 in
363 1579 542 1655 interiora
565 1580 813 1681 quaestionum
836 1583 1055 1696 imprudens
1077 1584 1322 1686 ingrediatur.
1345 1583 1388 1659 Id
1406 1585 1457 1662 ni

196 1767 200 1772 -
304 1712 431 1790 sedulo
449 1713 650 1804 curaverit,
671 1715 752 1791 lieri
776 1716 843 1794 vix
859 1723 981 1818 potest
1001 1722 1043 1795 ut
1060 1719 1234 1820 nuspiam
1259 1717 1456 1794 ementitae

304 1844 406 1922 aetati
442 1845 696 1923 contradicens
732 1873 779 1924 ne
818 1849 1014 1927 minimam
1050 1851 1199 1952 quidem
1235 1850 1454 1951 retegendae

303 1989 427 2064 fraudi
452 2013 583 2066 ansam
614 1991 790 2092 praebeat.
818 1991 935 2094 Atqui
961 1995 1092 2069 auctor
1112 1993 1452 2086 Philosophoume-

777 2089 782 2100 ι

824 2105 831 2114 ι

301 2149 380 2200 ιιοιι
397 2122 672 2226 amplissimum
689 2123 948 2229 imprimisque
965 2125 1114 2202 varium
1140 2123 1325 2202 scribendi
1343 2147 1451 2200 cam-

302 2283 392 2360 pum
405 2259 608 2361 ingressus‚
624 2259 808 2360 penitiora
825 2284 983 2363 quaeque
994 2285 1039 2336 ac
1056 2260 1261 2337 minutiora
1275 2256 1452 2334 historiae

302 2579 315 2602 u
328 2559 467 2610 diceret...
487 2580 499 2601 o
517 2557 560 2622 (Ρ.
580 2557 611 2608 G.
629 2535 648 2608 t.
666 2556 727 2608 XX.
741 2570 767 2621 p.
784 2557 849 2622 511).
884 2571 1050 2622 quamquam
1072 2569 1127 2607 non
1146 2555 1253 2607 dubitat
1278 2553 1452 2618 Labyrinthi

299 2649 378 2700 Certe
389 2650 447 2698 heac
459 2647 528 2698 mire
539 2646 709 2697 concordant
720 2659 783 2696 cum
795 2647 849 2698 dis·
881 2649 1022 2698 auctorem
1041 2646 1168 2698 eumdem
1191 2658 1251 2696 esee
1274 2645 1319 2707 qui
1343 2641 1447 2696 Phiio-

298 2741 412 2805 putandi
427 2752 528 2805 genere
544 2752 598 2800 quo
614 2752 680 2788 usus
694 2740 735 2790 est
751 2740 848 2790 auctor
880 2741 1091 2801 sopltcttmctton.
1115 2738 1217 2788 Verum
1243 2748 1333 2788 noune
1356 2735 1448 2787 etiam

298 2827 590 2891 Philosophoumenon.
602 2825 850 2878 Sedexiislocisst
882 2829 1001 2894 supponi
1020 2831 1110 2894 potest
1125 2841 1231 2891 paretes
1252 2823 1448 2888 Labyrinthus

296 2933 329 2972 ex
337 2919 400 2971 aliis
408 2933 468 2983 quae
476 2918 596 2980 (ibidem)
605 2919 640 2969 ab
653 2918 771 2968 Eusebio
783 2919 847 2970 atie-
883 2919 1007 2970 diversus
1029 2920 1113 2972 tuisse
1131 2934 1147 2970 a
1165 2914 1335 2982 Labyrintito
1357 2927 1445 2980 quem

297 3013 395 3062 runtur
410 3009 554 3061 manifeste
573 3007 716 3074 colligitur
728 3023 848 3071 parcum
882 3010 986 3062 indicat
997 3010 1122 3072 Plotius,
1132 3013 1160 3062 et
1170 3011 1232 3063 ideo
1242 3010 1294 3060 hoc
1303 3007 1383 3060 titulo
1395 3007 1447 3058 in-

297 3097 501 3163 carpentium
524 3113 541 3150 a
568 3099 741 3151 Theodoreto
767 3101 795 3151 et
815 3102 849 3152 ab
884 3103 1004 3166 scriptus
1016 3115 1070 3165 quo
1082 3103 1140 3165 jam
1149 3102 1205 3154 alia
1216 3101 1337 3166 ejusdem
1346 3101 1446 3149 aucto-

295 3191 415 3242 Eusebio
437 3191 499 3254 (qui
521 3191 614 3241 nmen
637 3191 711 3240 huuc
738 3189 849 3241 titulum
882 3191 923 3241 rie
950 3192 1121 3244 elucubratio
1144 3191 1348 3256 designabatur,
1373 3189 1447 3252 quia

296 3294 352 3331 non
372 3281 488 3346 indicat)
516 3279 631 3330 citatum
653 3280 765 3331 omnino
787 3293 847 3332 esse
880 3282 933 3332 hoc
946 3281 1106 3334 vocabulum
1116 3281 1286 3347 aptissimum
1296 3281 1449 3331 ridebatur

296 3369 432 3419 diversum
455 3381 471 3418 a
498 3367 568 3419 libro
591 3367 696 3420 decimo
725 3365 843 3430 Psilos„
878 3370 913 3420 ad
934 3370 1336 3436 haeresimlepidenotandaml
1352 3367 1445 3420 Serus

295 3471 379 3520 quum
390 3458 418 3509 et
426 3459 523 3510 contra
533 3456 620 3508 solam
630 3457 754 3508 haeresim
766 3458 843 3509 Arte·
878 3459 1088 3524 supponendum
1106 3461 1149 3510 eet
1164 3460 1305 3510 auctorem
1325 3458 1353 3507 in
1370 3458 1445 3510 duo—

294 3546 384 3597 monis
395 3547 423 3597 et
433 3545 568 3598 Theodoti
583 3545 756 3610 conscriptus
768 3546 805 3598 sit
816 3549 844 3598 et
878 3548 929 3598 bus
962 3549 1092 3612 operibus
1117 3549 1265 3600 eteoclem
1292 3547 1445 3610 utriusque

293 3649 326 3688 ea
344 3649 403 3698 qum
415 3649 448 3688 ex
462 3635 511 3686 illo
524 3636 675 3687 afferuntur
691 3649 747 3688 uon
761 3649 839 3702 repe·
872 3638 964 3703 operis
975 3638 1037 3689 loco
1045 3636 1147 3688 librum
1156 3635 1196 3688 De
1205 3639 1444 3688 uniuersinatura

293 3728 401 3779 riantur
411 3728 441 3779 in
450 3727 658 3793 praedictclibro
668 3727 839 3791 decimo‚sed
874 3745 891 3780 a
909 3744 939 3782 ee
960 3730 1147 3794 conscriptum
1170 3743 1359 3782 memorasse:
1382 3743 1445 3792 qua

293 3833 381 3884 neque
391 3834 511 3884 unquam
519 3820 548 3871 iu
556 3834 590 3871 ea
598 3821 839 3873 summariahaere·
872 3835 938 3873 sane
950 3821 1094 3887 hypothesi
1105 3819 1182 3886 prior
1191 3821 1271 3872 modo
1283 3819 1367 3871 allata
1381 3834 1443 3874 non

291 3909 768 3962 seonrecensiouelccuminvenisse
777 3925 838 3976 sup·
871 3911 979 3962 videtur
995 3911 1141 3962 difficilior.

292 4000 358 4064 poni
370 3999 485 4065 possint.
497 3999 575 4051 Unde
587 3999 841 4064 siisieparouaLa-
906 4001 936 4066 (1)
955 3999 1105 4053 Bullaitino
1128 4003 1158 4052 di
1175 4000 1354 4064 Archeoloyia
1373 3999 1442 4053 Cri-

233 4105 237 4112 ·
291 4090 778 4156 berinthusidemeuppouatureum
789 4089 842 4142 La·
874 4093 976 4153 atiena,
993 4105 1066 4143 anno
1083 4093 1181 4155 quarto
1200 4088 1295 4157 (1866),
1307 4091 1335 4140 et
1353 4104 1387 4140 ex
1404 4104 1443 4145 eo

291 4182 417 4242 berintho
436 4181 469 4230 de
486 4194 541 4244 quo
557 4181 742 4245 Photius,hic
758 4183 842 4234 etiam
876 4181 908 4233 P.
925 4163 1081 4234 Anntriurur
1100 4183 1193 4248 operis
1211 4182 1254 4233 sui
1270 4195 1330 4246 cap.
1347 4179 1380 4232 V.
1405 4211 1444 4223 -

291 4271 414 4321 diversus
431 4270 530 4322 alibro
548 4270 573 4322 X
589 4269 694 4323 Philas.
707 4273 840 4323 dicendus
874 4272 954 4324 Unde
971 4273 1028 4322 iere
1045 4272 1190 4336 desumpta
1206 4271 1271 4322 aunt
1289 4270 1385 4322 omnia
1404 4285 1444 4325 ea

290 4361 351 4411 erit.
365 4360 452 4420 Quam
465 4361 681 4425 suppositionem
693 4364 720 4414 et
729 4362 839 4414 conclu·
873 4375 934 4425 qua
946 4364 1098 4424 sequuntur
1109 4375 1196 4424 usque
1214 4361 1248 4412 ad
1261 4359 1342 4412 tinem
1359 4363 1443 4426 cupi-

290 4451 395 4503 sionem
409 4451 530 4502 admittit
541 4452 654 4503 omuino
666 4451 841 4514 uerrucam
876 4452 919 4502 tis.
