3170 5134
365 421 403 480 91
601 433 671 480 ons.
694 431 734 480 ιιι.
759 435 794 480 uu
814 433 941 480 lucrose
962 432 1262 480 rnruosornouuuuou.

363 625 448 676 eum
465 601 618 690 librum,
636 601 735 678 unde
752 601 917 702 profecto
935 599 1180 678 intellexisset
1196 600 1258 700 agi
1277 599 1339 675 hic
1356 598 1402 675 de
1419 598 1510 676 Cal-

362 737 448 816 listo
467 739 506 816 S.
524 741 569 814 P.
592 739 783 815 Praeterea
804 761 919 839 quum
936 737 976 813 in
993 739 1137 814 Philus.
1158 736 1223 813 lib.
1244 735 1280 812 X
1298 737 1336 834 (ι)
1353 735 1512 836 legisset

366 907 382 936 a
404 873 438 948 N
442 874 626 962 cetum...
659 871 911 948 introduxisse
937 870 1125 959 haeresim,
1151 894 1235 971 quae
1261 870 1307 946 ab
1334 868 1510 970 Epigono

365 1041 380 1070 υ
402 1003 564 1106 quodam
585 1004 630 1082 ad
657 1004 895 1083 Cleomenem
916 1005 1021 1082 venit
1026 1066 1097 1094 .....
1130 1040 1145 1070 n
1176 1005 1230 1080 sic
1251 1027 1296 1080 ea
1319 1003 1511 1080 vocabula

361 1140 504 1241 accepit
528 1143 571 1217 ut
594 1139 772 1218 scriberet
796 1172 803 1216 :
835 1177 850 1206 a
877 1141 1079 1218 Noctua...
1106 1139 1268 1216 haeresin
1290 1139 1507 1226 renovavit,

365 1299 514 1376 nquam
549 1277 742 1379 Epigonus
773 1276 927 1378 quidam
960 1273 1109 1352 nomine
1142 1273 1286 1374 primus
1320 1272 1506 1361 ediderat,

363 1406 617 1487 »Cleomenes
642 1436 733 1488 vero
758 1415 969 1514 susceptam
999 1409 1251 1486 confirmarat.
1284 1443 1299 1473 n
1328 1408 1443 1509 Atqui
1471 1408 1507 1484 si

359 1542 510 1642 legisset
523 1547 561 1624 in
579 1548 762 1651 superiori
776 1549 872 1626 libro
885 1548 1064 1626 fusiorem
1077 1545 1122 1623 de
1135 1545 1202 1622 illa
1215 1545 1350 1622 haeresi
1364 1549 1506 1622 tracta·

358 1680 511 1771 tionem,
534 1683 778 1761 intellexisset
803 1683 966 1787 profecto
989 1684 1152 1759 Noetum
1182 1680 1221 1756 in
1245 1705 1289 1756 ea
1314 1679 1409 1755 serie
1426 1680 1506 1780 pri-

358 1840 476 1907 mum,
492 1817 706 1920 Epigonum
723 1818 941 1906 secundum,
963 1816 1198 1896 Cleomenem
1215 1815 1372 1892 tertium
1389 1815 1506 1891 exsti-

358 1949 447 2028 tisse
465 1954 515 2051 (2).

408 2111 446 2194 3·
471 2115 618 2194 Praeter
640 2113 929 2202 Theodoretum
953 2113 1125 2190 Pnoups
1155 2113 1305 2190 videtur
1334 2114 1508 2190 Philoso-

354 2257 598 2350 paoumeuon
616 2248 755 2328 librum
772 2250 957 2326 decimum
973 2247 1122 2349 legisse,
1141 2250 1367 2344 Lubprr’ntbi
1388 2247 1506 2325 titulo

358 2384 592 2488 inscriptum.
611 2383 718 2474 Quod
733 2385 833 2462 enim
845 2388 977 2462 auctor
989 2385 1384 2478 sz'loscpboumcnca
1398 2381 1508 2460 circa
1575 2485 1576 2492 ἵ

357 2518 469 2596 finem
486 2518 601 2620 hujus
618 2518 705 2595 libri
729 2497 882 2609 indicat,
902 2544 941 2595 se
965 2542 1045 2594 esse
1066 2516 1285 2618 scriptorem
1302 2515 1425 2617 operis
1442 2521 1508 2592 Dc

357 2657 530 2731 protiverat
550 2657 712 2731 essentia
741 2657 791 2754 (a),
818 2653 856 2730 id
881 2653 1018 2755 ipsum,
1041 2655 1136 2730 teste
1161 2650 1314 2739 Photio,
1338 2649 1508 2751 scriptor

355 2791 585 2884 Labyriatbi
599 2793 764 2866 extremo
783 2789 822 2865 in
847 2813 959 2891 opere
985 2787 1274 2888 consignaverat
1295 2787 1345 2884 (ι).
1368 2785 1508 2886 Neque

354 2921 455 2998 tituli
472 2921 671 3000 diversitas
696 2923 825 3014 officit,
845 2922 994 3025 quando
1011 2926 1118 2999 tanta
1134 2921 1174 2997 in
1191 2919 1378 2998 codicibus
1396 2926 1509 3020 repe

355 3056 475 3134 riatur
504 3057 702 3136 titulorum
732 3058 909 3148 variatio,
947 3056 1157 3160 praesertim
1187 3053 1250 3132 ubi
1279 3054 1325 3131 dc
1353 3051 1507 3132 avulsis

352 3189 535 3269 librorum
553 3192 774 3294 fragmentis
792 3192 932 3294 agitur.
954 3190 1081 3268 Facile
1101 3190 1244 3267 scilicet
1268 3188 1389 3291 potuit
1408 3189 1507 3270 huic

352 3321 448 3400 libro
465 3301 622 3414 decimu,
641 3331 821 3428 tanquam
843 3351 909 3429 per
930 3351 969 3402 se
992 3324 1194 3403 cohaerenti
1217 3329 1254 3402 et
1277 3326 1372 3402 forte
1393 3349 1506 3428 sepa·

352 3456 465 3533 ratim
490 3457 644 3560 vulgato
668 3463 723 3559 (5),
746 3460 924 3539 librarius
948 3460 1100 3562 quidam
1121 3458 1275 3539 titulum
1292 3460 1424 3545 fecisse
1450 3489 1504 3540 ex

352 3593 517 3692 ejusdem
546 3592 633 3672 libri
663 3596 816 3674 exordio
842 3597 1014 3699 petitum,
1040 3595 1137 3696 quod
1164 3600 1221 3672 est
1246 3594 1500 3697 hujusmodi:

355 3763 370 3792 κ
391 3730 674 3824 Labyrintbam
693 3730 895 3810 haeresium
912 3735 1111 3833 postquam
1128 3756 1202 3811 non
1221 3730 1406 3809 violenter
1422 3731 1505 3810 dis-

350 4011 362 4034 n
377 3989 465 4042 Roma
472 3993 649 4057 congregavit
657 3995 803 4061 episcopos
813 3995 862 4046 277
873 3996 900 4046 et
933 3995 1033 4059 potest.

350 4079 515 4130 „summm
537 4079 679 4134 curruum
702 4087 730 4136 a
750 4084 849 4136 norum
876 4085 903 4134 et
968 4085 998 4148 (ιι
1011 4083 1078 4148 cap.
1091 4059 1184 4143 arte.
1198 4082 1229 4134 u.
1244 4084 1263 4134 t.
1277 4081 1348 4134 xv1.
1367 4097 1393 4148 p.
1408 4084 1502 4151 4431).

351 4171 506 4224 „Fotinum
533 4177 561 4226 ct
585 4173 735 4230 sabellium
757 4201 770 4222 n
794 4179 836 4242 (P.
865 4179 897 4231 L.
965 4181 994 4244 (ι)
1006 4177 1111 4232 ΡΙιιῚοε,
1125 4179 1174 4231 IX.
1191 4179 1351 4245 vmppend.
1365 4193 1429 4246 pag.
1439 4179 1501 4248 lo).

348 4271 367 4321 t.
382 4269 517 4322 cxxvll.
530 4285 557 4336 p.
573 4273 654 4336 1513).
671 4275 796 4327 Alterum
808 4277 899 4326 autem
965 4281 995 4340 (τι)
1007 4276 1132 4342 Appeud.
1145 4289 1208 4341 pag.
1219 4272 1250 4328 12
1260 4277 1329 4328 extr.

347 4364 446 4416 borum
464 4367 691 4420 documentorum
709 4367 822 4422 citemus
838 4372 897 4422 ron·
963 4371 1197 4438 (quatemus
1213 4373 1346 4439 (Append.
1361 4386 1424 4438 pag.
1441 4367 1500 4431 41).

348 4455 403 4504 tem
419 4467 479 4505 esse
494 4455 538 4506 vix
554 4457 669 4508 dubium
689 4457 817 4521 cuiquam
835 4471 895 4511 esse
962 4461 992 4525 ιι)
1004 4462 1058 4512 cfr.
1069 4475 1153 4527 supra
1165 4475 1228 4528 pag.
1241 4463 1281 4513 86.
1292 4463 1347 4512 not.
1361 4462 1383 4510 1.
