3154 5134
289 479 351 525 oin.
373 478 413 524 iv.
434 477 471 524 na
492 478 565 526 nius
585 478 741 526 eunomios
761 477 897 527 crruruuo
918 479 1074 528 irrorans.
1199 471 1257 531 259

123 655 406 746 ascribendum,
438 656 502 734 sed
535 656 681 764 ratione
711 655 936 733 vincendum
967 660 1017 755 (ι).
1046 694 1062 724 n
1083 673 1116 739 t.
1137 660 1257 763 Epist.

120 790 165 866 ad
188 791 364 870 Jubaian.
389 817 426 868 n.
457 796 502 868 13
528 821 535 866 :
560 827 576 856 α
597 790 766 868 Proinde
783 791 925 868 frustra
942 791 1095 894 quidam
1119 797 1183 897 qui
1202 823 1260 876 ra-

123 964 137 992 n
154 928 254 1012 tione
267 930 469 1006 vincuntur
481 928 788 1006 consuetudinem
802 927 907 1005 nobis
921 934 1113 1030 opponunt
1129 962 1136 1007 :
1153 935 1260 1035 quasi

123 1065 386 1143 »consuetudo
409 1066 531 1167 major
555 1065 604 1142 sit
621 1039 780 1142 ueritate
803 1101 818 1130 a
841 1067 891 1164 (t.
913 1063 963 1141 Et
982 1091 1018 1142 n.
1040 1073 1112 1144 23:
1138 1105 1154 1135 a
1177 1072 1262 1150 Non

123 1234 137 1263 >a
157 1201 284 1275 tamen
297 1199 385 1300 quia
398 1199 599 1302 aliquando
614 1204 780 1277 erratum
794 1203 863 1288 est,
880 1198 961 1275 ideo
976 1224 1122 1303 semper
1134 1227 1262 1283 erran-

123 1333 248 1410 »dum
274 1339 331 1412 est
355 1371 371 1400 v
399 1338 449 1434 (3).
478 1367 510 1414 o.
536 1334 656 1437 Epist.
678 1333 724 1410 ad
750 1334 883 1434 Pomp.
906 1356 944 1407 n.
965 1337 1017 1408 3:
1043 1317 1263 1423 “Quaeista

123 1505 138 1534 π
159 1469 358 1546 obstinatio
386 1474 455 1560 est,
479 1495 611 1572 quaeve
635 1468 892 1572 praesumptio,
921 1467 1127 1548 humanam
1150 1476 1265 1552 tradi-

123 1640 138 1670 n
158 1603 299 1681 tionem
324 1605 462 1681 divinae
485 1603 719 1708 dispositioni
741 1613 980 1704 anteponere,
1005 1627 1071 1679 neo
1095 1606 1262 1685 animad-

124 1745 305 1818 nvertere
339 1741 527 1843 indignari
561 1746 598 1819 et
637 1741 749 1819 irasci
789 1742 910 1817 Deum
952 1742 1096 1841 quoties
1136 1745 1265 1825 divina

124 1913 138 1943 a
159 1883 347 1980 praecepta
364 1879 476 1956 solvit
497 1883 534 1956 et
550 1879 719 1981 praeterit
740 1879 907 1955 humana
923 1877 1075 1956 traditio
1096 1916 1112 1946 n
1130 1883 1191 1980 (dt
1218 1885 1266 1963 Et

123 2039 157 2088 n.
178 2018 202 2089 9
223 2043 230 2089 :
257 2049 273 2078 a
291 2013 369 2090 Neo
386 2014 614 2091 consuetudo
633 2039 716 2116 quae
734 2013 834 2116 apud
853 2012 1033 2114 quosdam
1052 2015 1267 2118 obrepserat

127 2182 141 2211 a
163 2147 343 2250 impedire
360 2148 467 2225 debet
484 2148 683 2250 quominus
697 2147 838 2225 veritas
854 2146 1057 2250 praevaleat
1070 2155 1107 2226 et
1123 2152 1262 2232 vineat.

127 2323 142 2351 a
165 2289 265 2366 Nam
295 2290 524 2367 consuetudo
551 2291 630 2366 sine
659 2289 819 2366 veritate
843 2291 1010 2364 vetustas
1034 2291 1172 2368 erroris
1197 2299 1265 2373 est.

128 2464 141 2491 n
163 2427 327 2530 Propter
340 2427 452 2528 quod,
469 2425 597 2502 relicto
611 2450 750 2513 errore,
767 2447 968 2526 sequamur
981 2422 1177 2514 veritatem
1189 2433 1266 2530 »(5).

124 2577 161 2640 d.
181 2559 427 2637 Firmilianus
452 2559 540 2636 item
572 2559 693 2662 Epist.
721 2557 768 2634 ad
795 2557 911 2659 Cypr.
937 2581 973 2631 n.
1005 2561 1083 2632 19:
1114 2594 1130 2623 a
1160 2559 1269 2647 Quod
1391 2607 1394 2612 ·

128 2735 142 2764 η
163 2704 291 2778 autem
310 2699 469 2800 pertinet
492 2697 539 2774 ad
559 2694 866 2774 consuetudinem
885 2691 1136 2783 refutandam,
1156 2721 1270 2798 quam

127 2860 142 2888 n
162 2824 341 2900 uidentur
354 2847 538 2924 opponere
551 2820 716 2909 veritati,
731 2818 815 2922 quis
831 2823 911 2895 tam
924 2842 1044 2894 vanus
1059 2818 1107 2896 sit
1121 2825 1163 2898 ut
1175 2826 1271 2902 veri-

129 2997 143 3024 »
163 2960 233 3037 tati
252 2957 559 3036 consuetudinem
577 2957 773 3060 praeferat,
789 2957 855 3031 aut
872 2953 951 3055 qui,
966 2959 1158 3056 perspecta
1171 2956 1268 3050 luoe,

130 3133 145 3162 π
166 3097 342 3174 tenebras
362 3121 436 3173 non
455 3095 712 3197 derelinquat?
731 3093 814 3171 Nisi
834 3092 865 3168 si
885 3094 922 3168 et
937 3091 1104 3181 iudaeos
1121 3093 1273 3176 Christo

130 3233 409 3321 ”adventante
434 3232 471 3307 id
497 3235 554 3308 est
577 3231 752 3317 ueritate,
783 3227 939 3328 adjuvat
964 3225 1003 3300 in
1026 3225 1152 3329 aliquo
1176 3232 1272 3308 anti-

130 3368 349 3469 »quissima
372 3365 614 3453 consuetudo,
641 3363 755 3466 quod,
776 3360 909 3438 reliota
927 3361 971 3458 [s.
997 3360 1148 3462 rejecta]
1175 3389 1273 3443 nova

125 3537 145 3568 a
167 3501 339 3580 veritatis
356 3501 432 3590 via,
452 3500 492 3576 in
509 3501 695 3577 vetustate
713 3493 987 3599 permanserint
1007 3529 1023 3559 n
1045 3496 1095 3593 (a).

178 3693 216 3776 3.
232 3695 378 3772 Verum
392 3695 428 3792 (a)
448 3691 662 3795 Cyprianus
677 3693 714 3767 et
726 3686 972 3765 Firmilianus
986 3711 1172 3788 nusquam
1186 3712 1273 3789 que·

130 3835 267 3907 runtur
301 3827 398 3931 quod
433 3827 650 3929 Stephanus
684 3822 924 3901 traditionem
955 3819 1199 3923 apostolicam
1232 3827 1275 3900 ut

163 4183 192 4246 (ι)
203 4182 331 4249 Append.
346 4195 408 4246 pag.
421 4176 468 4234 58.
750 4179 781 4237 (st
792 4173 917 4239 Append.
931 4184 994 4236 pag.
1009 4164 1057 4222 64.

164 4283 194 4344 (2)
207 4279 335 4345 Append.
349 4291 411 4342 pag.
425 4273 471 4330 58.
754 4273 786 4336 (o)
798 4269 923 4335 Append.
936 4281 1000 4332 pag.
1014 4259 1059 4317 70.

164 4381 194 4438 (si
206 4375 334 4441 Append.
349 4387 411 4438 pag.
425 4367 475 4424 60.
755 4367 785 4426 (7)
799 4365 844 4416 Ita
860 4365 917 4415 sere
935 4361 1072 4412 Minurus
1088 4359 1129 4423 (P.
1143 4357 1174 4410 L.
1193 4361 1213 4411 t.
1231 4361 1276 4414 IV.

162 4472 193 4538 (r)
206 4468 334 4536 Append.
348 4481 411 4532 pag.
425 4462 469 4518 ol.
726 4477 751 4527 p.
765 4463 817 4521 371.
