3170 5134
335 445 394 505 m
567 463 637 512 mss.
660 467 701 514 ru.
724 467 760 516 os
780 469 908 518 lucrose
929 470 1226 518 rnrcosorsourmor.

283 673 287 684 ·
333 628 380 704 P.
403 627 600 708 Armelliui
626 663 632 710 :
661 671 677 700 ιι
701 636 753 714 At
773 661 862 716 vero
883 639 970 716 inde
992 663 1109 740 usque
1129 662 1154 715 a
1174 638 1299 715 seculo
1323 639 1480 738 quarto,

284 845 287 854 ,
333 762 388 840 uti
410 764 593 845 Eusebius
616 774 653 847 et
677 771 930 876 Hieronymus
954 779 1153 866 testantur,
1178 773 1343 876 plurima
1365 775 1483 848 erant

246 935 249 944 ·
331 904 412 977 tum
435 905 758 1009 pseudepigrapha
780 915 861 986 tum
885 908 1143 1012 anepigrapha
1165 911 1338 984 veterum
1361 929 1480 1006 opus-

331 1036 417 1114 cula
445 1039 579 1139 quibus
609 1041 796 1120 interdum
830 1043 975 1130 librarii
1006 1067 1074 1146 pro
1104 1066 1173 1119 sua
1202 1040 1360 1142 quisque
1394 1037 1480 1138 opi-

331 1171 442 1248 nione
466 1172 745 1276 inscriptionem
770 1178 966 1256 faciebant.
993 1178 1053 1254 Ad
1076 1178 1147 1253 hoc
1170 1176 1269 1253 inter
1291 1171 1481 1277 opuscula

330 1307 369 1382 in
394 1331 437 1384 eo
462 1308 632 1410 catalogo
662 1311 815 1388 minime
844 1312 1026 1389 recensita
1051 1313 1108 1389 est
1137 1306 1335 1412 Hippolyti
1361 1331 1478 1408 opus-

330 1446 456 1525 culum
483 1454 623 1528 Contra
646 1475 776 1529 omnes
799 1459 959 1530 bocreses
984 1452 1082 1554 quod
1110 1450 1309 1539 Eusebius,
1336 1447 1477 1524 Hiero·

329 1606 482 1685 nymm,
509 1583 688 1676 Plotius,
716 1585 781 1662 alii
808 1591 1011 1677 noverunt,
1039 1585 1210 1688 quodque
1240 1581 1477 1685 Hippolytus

329 1721 417 1796 ob‘m
442 1722 497 1818 (1),
526 1720 596 1798 hoc
621 1725 677 1798 est
701 1721 765 1798 diu
791 1725 877 1798 anta
902 1723 1247 1820 Philosopbnmeno
1272 1716 1472 1804 edidisset,

329 1855 512 1957 siquidem
529 1859 900 1954 Pbr'losopbumenon
919 1861 1051 1934 auctor
1072 1861 1180 1934 esset.
1202 1857 1331 1956 Longe
1352 1853 1477 1954 igitur

327 1988 431 2065 abest
455 1987 545 2090 quin
575 1987 676 2065 illius
706 1989 866 2092 catalogi
897 1991 1100 2069 auctoritas
1126 1989 1227 2066 omni
1253 1989 1476 2090 exceptione

328 2129 449 2231 major
464 2128 593 2206 haberi
611 2128 752 2208 debeat.
777 2167 792 2197 n
816 2132 1007 2209 Hactenus
1024 2129 1235 2208 Armellini.

377 2304 416 2388 9.
442 2311 583 2388 Verum
609 2312 781 2415 quamvis
810 2311 1055 2390 concedamus
1080 2335 1154 2388 non
1180 2309 1331 2387 omnino
1357 2332 1472 2411 repu-

325 2473 442 2551 gnare
471 2454 513 2526 ut
542 2473 601 2527 res
631 2449 834 2551 sicutipse
863 2447 1038 2551 proponit
1066 2450 1151 2524 acta
1181 2443 1307 2533 luerit,
1339 2446 1471 2521 tamen

324 2583 361 2659 id
391 2584 580 2685 probabile
609 2608 844 2686 nequaquam
873 2565 1155 2660 demonstravit]
1186 2583 1285 2660 Nam
1310 2586 1348 2659 et
1372 2581 1470 2660 irre·

324 2719 487 2796 fututum
511 2725 637 2796 manet
662 2724 925 2822 argumentum
948 2743 972 2795 a
995 2719 1100 2795 nobis
1124 2718 1246 2820 primo
1271 2717 1353 2794 loco
1378 2742 1469 2819 pro-

323 2859 489 2962 positum
513 2863 551 2936 et
575 2858 764 2961 responsio
794 2859 875 2960 ejus
904 2857 951 2935 ad
982 2859 1186 2936 secundum
1212 2883 1286 2936 non
1311 2861 1367 2934 est
1392 2857 1470 2933 nisi

322 2993 509 3072 laboriosa
530 2993 700 3096 quaedam
721 2991 949 3096 conjectura,
968 2998 1100 3072 contra
1121 3020 1236 3098 quam
1257 2995 1372 3073 etiam
1389 3020 1470 3072 non
1574 3001 1575 3012 '

322 3150 456 3230 parum
485 3127 586 3204 valet
613 3127 778 3229 primurn
808 3133 978 3206 nostrum
1007 3132 1289 3231 argumentum,
1321 3129 1398 3207 imo
1431 3136 1470 3209 et

321 3259 475 3337 tertium
496 3288 503 3336 :
524 3284 612 3336 nam
632 3261 798 3362 profecto
819 3261 1010 3363 probabile
1027 3289 1102 3340 non
1119 3268 1189 3354 est,
1208 3269 1314 3342 tanto
1335 3264 1469 3344 labore
1573 3241 1574 3253 ἰ

321 3395 481 3471 incisum
502 3419 582 3472 esse
602 3393 789 3496 duplicem
811 3419 991 3473 canonem
1015 3397 1241 3475 Paschulem
1264 3403 1467 3502 postquam
1572 3465 1573 3489 ,

320 3533 409 3609 anni
434 3533 474 3608 in
498 3556 541 3609 eo
566 3531 741 3633 descripti
768 3532 919 3609 omnino
944 3531 1062 3634 elapsi
1087 3537 1223 3624 essent,
1251 3535 1465 3637 praesertim

289 3766 292 3775 ‚
321 3668 481 3769 quando,
500 3673 633 3745 utnon
652 3665 832 3746 diffitetur
850 3667 896 3744 P.
916 3665 1128 3754 Armellini‚
1153 3703 1168 3732 α
1189 3666 1377 3770 paschalis
1399 3667 1466 3744 ille
1571 3682 1572 3727 l

57 3792 61 3800 ¹
198 3845 201 3854 ·
320 3806 446 3910 cyclus
480 3804 606 3909 paullo
640 3811 723 3907 post
753 3805 950 3910 Hippolyti
984 3779 1177 3882 decessum
1206 3807 1253 3883 ab
1283 3813 1466 3886 accurata
1570 3881 1571 3908 ᾗ

318 3945 527 4044 temporum
558 3939 702 4017 ratione
731 3940 941 4043 discrepare
971 3939 1169 4041 insigniter
1193 3941 1306 4042 coepit
1333 3971 1340 4016 :
1371 3966 1463 4021 nam

318 4072 504 4150 sexdecim
528 4072 688 4150 evolutis
713 4073 835 4163 anuis,
861 4072 1050 4177 paschalis
1077 4071 1156 4149 dies
1179 4075 1226 4151 ab
1251 4073 1463 4178 Hippolyto
1569 4093 1570 4121 ¹

318 4207 533 4310 designatus
551 4208 668 4286 solido
686 4208 810 4286 triduo
828 4207 1043 4312 paschalem
1060 4206 1191 4284 lunam
1209 4212 1422 4291 antecessit.
1443 4251 1459 4280 s
1568 4289 1569 4320 ἰ

349 4462 379 4526 (ι)
390 4459 494 4512 Philas.
508 4459 529 4511 Ι.
544 4460 663 4511 Prooem.
677 4459 741 4526 (cir.
755 4459 880 4525 Append.
894 4475 954 4527 pag.
967 4459 1020 4528 16).
