3180 5134
770 1080 1035 1141 arrarum
1048 1083 1085 1140 G.

388 1281 581 1360 ENUNrin'ra
595 1309 637 1358 ΑΒ
652 1309 803 1358 AUCTORE
820 1311 1170 1360 PHILOSOPHOUMENON
1186 1311 1282 1360 elaea
1297 1311 1334 1359 SE
1347 1306 1447 1357 1PSUM.

388 1577 439 1635 Eae
452 1580 502 1637 lab.
518 1582 540 1634 Ι.
556 1577 690 1634 Procrin.
709 1603 721 1624 u
797 1579 919 1636 Nullum
933 1581 1133 1637 commentum
1147 1595 1253 1637 eorum
1266 1579 1316 1652 qui
1328 1577 1398 1649 apud
1411 1577 1478 1631 era·

351 1691 402 1732 eos
412 1677 577 1747 philosophi
592 1677 731 1746 appellati
751 1678 820 1746 sunt
833 1677 1030 1746 spernendum
1044 1678 1098 1734 est.
1121 1679 1216 1734 certae
1230 1679 1308 1734 enim
1321 1675 1365 1731 rel
1377 1673 1479 1729 absonae

351 1788 455 1830 eorum
475 1773 625 1843 opiniones
648 1773 790 1828 ducendae
810 1774 879 1829 sunt
897 1775 1019 1843 propter
1041 1774 1272 1844 exsuperantem
1291 1769 1478 1829 haereticornm

351 1871 512 1936 vesaniam,
533 1870 582 1940 qui
602 1871 725 1940 propter
738 1871 888 1926 silentium
902 1871 932 1927 et
945 1872 1014 1940 quia
1033 1871 1217 1927 abscondunt
1236 1884 1344 1927 arcana
1355 1862 1478 1936 mysteria

350 1969 455 2025 crediti
473 1969 542 2026 sunt
558 1969 661 2029 multis
679 1972 770 2026 Deum
794 1971 1056 2048 colerekQuorum
1071 1969 1136 2040 jam
1155 1969 1227 2026 olim
1245 1969 1368 2025 strictim
1384 1961 1477 2036 placila

350 2067 551 2136 exposuimus,
564 2081 622 2121 non
636 2066 784 2124 subtiliter
795 2067 999 2136 explanantes,
1012 2066 1061 2122 sed
1073 2065 1245 2122 summatim
1256 2059 1476 2135 perstringentes,

350 2176 407 2216 non
421 2162 510 2232 digna
523 2163 661 2218 arbitrati
682 2177 786 2218 eorum
806 2177 916 2218 arcana
929 2178 995 2232 quae
1015 2164 1044 2217 in
1058 2163 1154 2218 lucem
1175 2163 1415 2232 proferrentur...
1430 2152 1476 2211 Sed

349 2273 417 2315 cum
432 2259 547 2314 videam
561 2253 619 2312 non
633 2261 764 2314 revereri
779 2258 846 2314 illos
859 2260 993 2315 nostram
1007 2257 1229 2324 modestiam...
1246 2258 1362 2314 coactus
1374 2263 1477 2324 progre-

348 2355 424 2420 dior,
439 2355 612 2410 ostensurus
625 2369 736 2409 arcana
749 2369 853 2411 eorum
865 2355 1054 2425 mysteria...
1071 2357 1252 2412 Haecautem
1264 2356 1398 2412 aliusnon
1410 2347 1453 2430 res
1468 2375 1476 2384 ·

347 2452 423 2507 tabit
437 2452 492 2506 nisi
506 2452 555 2520 qul
569 2453 598 2504 in
613 2451 744 2518 Ecclesia
757 2452 887 2507 traditur
901 2453 1027 2521 Spiritus
1041 2454 1177 2518 Sanctus,
1190 2467 1280 2522 quem
1292 2453 1397 2523 priores
1409 2443 1476 2502 nacti

343 2549 479 2623 'Apostoll
491 2547 720 2616 impertiverunt
729 2547 841 2603 rectam
857 2548 944 2626 tidem
958 2550 1108 2618 professis,
1121 2564 1249 2618 quorum
1260 2565 1313 2606 nos
1323 2548 1368 2617 qui
1378 2555 1476 2624 succes·

348 2661 430 2702 sores
449 2660 551 2700 sumus
565 2643 595 2700 et
610 2645 742 2714 eiusdem
757 2645 862 2714 gratiae
875 2647 1034 2716 participes
1054 2647 1084 2702 et
1097 2647 1207 2703 summi
1221 2643 1373 2718 sacerdotii
1386 2640 1412 2694 et
1423 2650 1475 2692 mo-

347 2741 459 2818 gisteril
470 2752 500 2804 et
513 2748 649 2804 custodes
660 2749 798 2804 Ecclesiae
809 2750 947 2805 aestimati
959 2742 1003 2819 (ὧν
1015 2743 1089 2815 ἡμεῖς
1103 2742 1226 2816 διάδοχοι
1244 2745 1420 2822 τυγχάροντες
1435 2737 1475 2797 τῆς

348 2867 379 2904 τε
396 2845 479 2914 αὐτῆς
497 2850 613 2919 χάριτος
631 2849 800 2920 μετέχοντες
819 2848 1007 2920 &exasperetur
1026 2865 1058 2904 re
1074 2849 1120 2904 aei
1137 2844 1316 2914 διδασκαλίας
1333 2845 1373 2901 καὶ
1389 2835 1476 2913 astupet

347 2956 395 3019 τῆς
412 2949 574 3018 Ἐκκλησῑαξ
591 2953 788 3023 λελογισμένοι)
808 2973 866 3012 non
886 2957 972 3013 oculo
988 2958 1180 3013 connivemus
1193 2965 1288 3027 neque
1304 2953 1409 3012 rectam
1420 2945 1475 3000 doc·

346 3053 456 3108 trinam
470 3053 608 3118 silemus;
623 3053 672 3108 sed
687 3067 724 3108 ne
743 3055 823 3109 omni
837 3055 954 3124 quidem
975 3054 1074 3110 animo
1087 3055 1177 3123 atque
1191 3067 1316 3124 corpore
1329 3041 1473 3108 laborantes

346 3151 498 3206 deficimus
522 3151 610 3221 digna
629 3151 716 3220 digne
736 3153 794 3207 Deo
815 3152 944 3208 benefico
964 3154 1067 3208 nostro
1084 3152 1209 3208 reddere
1228 3151 1337 3215 eonati,
1356 3147 1425 3203 eine
1437 3138 1471 3193 sic

345 3248 464 3317 quidem
483 3249 657 3318 promerito
677 3249 912 3316 remunerantes
928 3249 983 3304 nisi
1003 3249 1080 3318 quod
1095 3249 1124 3303 in
1144 3249 1186 3306 eis
1200 3263 1267 3318 quae
1281 3247 1360 3304 nobis
1372 3248 1474 3298 concre-

344 3346 407 3401 dita
426 3347 496 3402 sunt
515 3361 573 3401 non
592 3345 774 3409 deficiamus,
789 3346 840 3402 sed
859 3347 969 3402 nostrae
983 3347 1212 3416 opportunitatis
1233 3345 1352 3402 modum
1369 3335 1472 3406 implea-

344 3461 421 3512 mus,
445 3447 475 3502 et
494 3447 634 3516 quidquid
657 3447 799 3516 praebebit
822 3447 946 3503 Sanctus
967 3448 1093 3516 Spiritus
1105 3461 1174 3503 cum
1196 3446 1333 3503 omnibus
1353 3443 1420 3500 eitra
1435 3435 1470 3488 in·

343 3545 453 3600 sidiam
467 3544 727 3600 communicemus.
747 3570 759 3592 n
775 3542 811 3616 (1)

380 3643 431 3699 Ea
450 3645 501 3700 lib.
524 3645 572 3698 lX.
595 3657 626 3696 n.
648 3645 676 3698 7.
698 3666 711 3688 u
734 3643 843 3698 Extitit
861 3645 909 3699 vir
929 3625 1059 3713 quidam,
1081 3643 1128 3698 cui
1142 3657 1249 3698 nomen
1267 3643 1367 3706 Noeta,
1380 3643 1470 3708 genere

344 3741 522 3810 Smyrnaeus.
546 3739 599 3794 llic
619 3738 785 3795 introduxit
804 3741 932 3796 haeresin
952 3756 989 3796 ex
1005 3739 1144 3820 Heracliti
1163 3739 1297 3809 placitis,·
1311 3740 1390 3808 cujus
1402 3727 1471 3788 mini·

342 3841 405 3896 ster
415 3840 445 3895 et
455 3838 615 3908 discipulus
624 3837 657 3892 lit
665 3839 812 3908 Epigonus
825 3839 943 3908 quidam
955 3839 1088 3905 vocatus,
1100 3838 1150 3908 qui
1161 3839 1263 3898 Romae
1273 3837 1377 3906 degens
1386 3839 1471 3898 super·

342 3935 506 3991 seminabat
525 3934 645 4004 implam
666 3935 747 3990 illam
762 3935 949 3991 sententiam.
972 3934 1061 4004 Cadus
1075 3933 1237 4004 discipulus
1251 3933 1345 3989 faetus
1361 3929 1471 3986 deone

343 4051 405 4102 nes,
420 4036 450 4092 et
469 4037 531 4091 vita
550 4036 582 4091 et
594 4036 726 4092 moribus
745 4037 860 4093 alienus
874 4037 911 4091 ab
926 4035 1066 4100 Ecclesia,
1081 4032 1296 4090 corroborabat
1315 4029 1469 4088 doctrinam.

341 4133 507 4204 zephyrino
526 4133 579 4188 illa
599 4136 686 4190 astate
708 4151 739 4190 sa
759 4135 968 4190 administrare
988 4131 1152 4189 arbitrante
1172 4131 1343 4198 Ecclesiam,
1363 4127 1420 4182 viro
1437 4122 1471 4174 in-

369 4411 395 4464 (1l
409 4409 437 4454 Ρ.
451 4409 479 4456 G.
495 4413 511 4454 t.
525 4409 591 4456 xvi.
606 4412 675 4456 Part.
690 4422 727 4456 ιιι.
742 4423 765 4466 p.
779 4413 842 4456 3018.
