3170 5134
474 439 534 484 cir.
560 439 599 484 iv.
622 439 657 485 m
678 438 862 486 uinrouirus.
1031 463 1033 467 -
1183 431 1236 490 isi

130 643 155 682 o.
174 625 289 682 Auctor
308 621 425 678 Philon
447 620 567 676 accusat
586 619 648 674 cal·
723 636 751 677 c.
772 618 885 676 Contra
902 620 988 677 Hccr.
1008 620 1109 690 Nocti,
1128 639 1156 680 n.
1180 625 1212 680 15
1231 645 1237 681 :

98 724 191 779 tistum
212 721 293 793 quod
313 721 338 776 is
357 719 466 776 dixerit
484 741 497 763 u
517 716 646 772 Verbum
686 741 699 762 a
716 718 837 782 Qualem
850 718 941 788 igitur
951 717 1056 774 Filium
1067 723 1239 778 suumDeus

98 821 186 890 ipsum
200 835 267 876 esse
281 818 389 874 Filium
401 841 414 864 n
425 814 564 886 (Appcnd.
577 829 642 885 pag.
686 829 769 885 uper
785 829 904 870 carnem
922 815 1013 882 misit,
1027 816 1082 871 nisi
1097 817 1236 884 Verbum,

98 921 130 976 is
147 917 253 988 extr.t;
272 917 304 972 ci
318 917 350 994 in
367 913 547 985 professione
567 913 644 978 fidei,
687 938 700 959 ι»
715 911 792 983 quod
808 925 826 966 a
841 911 985 984 principio
1002 911 1115 968 scilicet
1132 913 1237 970 Filium

98 1032 150 1086 qua
178 1014 361 1073 terminatur
390 1010 440 1068 lib.
467 1012 503 1066 X.
531 1010 581 1066 ubi
609 1009 645 1067 de
686 1009 848 1074 avocavit,
869 1009 938 1078 quia
960 1009 1094 1065 futurum
1117 1013 1183 1068 erat
1205 1014 1238 1069 ut

97 1113 241 1169 creatione
254 1125 357 1168 rerum
370 1109 442 1178 agit,
456 1108 562 1176 saepius
575 1109 645 1163 Ver·
685 1131 697 1152 „
715 1107 814 1162 ortum
822 1105 955 1176 caperett
967 1105 1077 1162 Etcum
1089 1107 1178 1164 Filius
1187 1125 1237 1164 vo-

98 1210 160 1265 bum
180 1208 325 1274 nominat,
345 1219 490 1274 nusquam
509 1218 580 1259 vero
600 1205 645 1259 Fi·
685 1229 698 1250 n
714 1203 810 1268 catur,
829 1217 986 1258 commune
1003 1217 1109 1259 nomen
1127 1207 1236 1263 amoris

98 1307 173 1372 lium,
193 1306 250 1362 nisi
269 1303 347 1375 quod
363 1324 369 1358 :
387 1326 399 1347 u
416 1300 527 1358 Cuncta
544 1301 643 1358 autem
685 1315 785 1372 »erga
804 1300 936 1356 homines
957 1301 1056 1357 sumit.
1079 1304 1138 1358 Nec
1158 1305 1236 1362 enim

97 1403 154 1472 (uit)
171 1405 251 1474 regit
267 1401 394 1458 Verbum
417 1399 477 1464 Dei,
497 1397 642 1470 primoge-
683 1425 694 1446 „
712 1399 840 1456 Verbum
852 1399 1159 1469 parscetsinecarne
1171 1417 1235 1472 pcr-

98 1503 168 1558 nitus
188 1503 288 1558 Patris
308 1504 385 1556 Puer
406 1523 418 1544 n
436 1495 528 1574 [Παῖς]
546 1495 638 1572 (Tam.
683 1498 806 1556 »iectus
828 1498 919 1554 Filius
941 1493 1020 1564 crat,
1044 1514 1112 1555 cum
1135 1501 1235 1558 tamen

97 1601 141 1656 cit.
156 1615 184 1671 p.
199 1603 274 1658 3449
287 1599 386 1672 extr).
685 1623 697 1646 n
713 1596 800 1652 asset¹
814 1596 977 1667 perfectum
1000 1597 1143 1662 Verbum,
1166 1599 1235 1654 Uni·

683 1723 696 1744 „
712 1696 829 1768 genitus
846 1722 857 1744 n
872 1697 967 1769 (Tom.
982 1695 1032 1752 cit.
1048 1710 1077 1766 p.
1093 1697 1166 1768 823).

143 1879 211 1962 60.
243 1898 284 1964 9⁰
314 1883 444 1984 Neque
477 1905 593 1982 genus
628 1874 813 1954 scribendi
844 1900 918 1976 quo
952 1876 1073 1953 utitur
1105 1881 1236 1954 auctor

96 2018 235 2094 Plator.
262 2014 445 2094 absimilis
471 2014 620 2090 videtur
645 2010 798 2088 dictioni
823 2010 1032 2113 Hippolyti.
1061 2011 1169 2101 Quod
1193 2017 1236 2089 ut

98 2151 323 2240 ostendatur,
352 2150 487 2227 citasse
516 2146 675 2224 sufficiet
704 2144 911 2222 secundum
935 2145 1144 2228 versionem
1173 2145 1233 2223 lit-

98 2286 247 2362 teralem
270 2285 428 2364 latinam
451 2284 600 2360 initium
624 2305 705 2384 cap.
736 2286 792 2358 12.
819 2278 883 2357 lib.
911 2279 967 2356 IX
988 2282 1131 2357 Parios.
1158 2280 1232 2357 col-

96 2417 208 2496 latum
232 2445 317 2498 cum
345 2419 451 2496 initio
477 2420 660 2494 tractatus
683 2415 880 2518 Hippolyti
903 2420 1034 2493 contra
1057 2415 1233 2494 haeresim
1272 2392 1274 2396 ⁵

98 2557 213 2636 Nocti.
236 2559 297 2636 Sic
314 2557 432 2658 igitur
449 2557 529 2633 haec
546 2557 723 2655 concepta
740 2556 828 2630 sunt
848 2583 855 2628 :

21 2751 22 2824 ἶ
128 2773 243 2830 Philus.
266 2776 312 2829 ix.
338 2773 379 2828 12.
401 2771 463 2828 init.
490 2795 502 2816 u
528 2772 636 2826 Servus
713 2767 827 2825 Contra
839 2765 1102 2838 poeniceam.
1123 2769 1225 2825 i.init.

96 2871 154 2926 erat
169 2869 348 2941 carpophori
365 2867 517 2938 cuiusdam
534 2867 590 2922 viri
608 2865 638 2921 il·
678 2889 691 2912 u
718 2865 775 2922 Atii
800 2864 918 2934 quidam
946 2864 1035 2919 aliam
1062 2863 1227 2922 doctrinam

21 2975 22 2988 ¹
96 2967 161 3023 detis
174 2983 190 3024 e
204 2968 315 3023 familia
327 2967 459 3023 cesaris.
473 2963 636 3034 carpopuo
675 2962 931 3030 subintroducunt,
947 2963 1015 3018 iacti
1029 2961 1165 3034 discipuli
1179 2979 1228 3020 cu·

96 3079 141 3121 rus
157 3068 194 3133 ei,
210 3067 316 3137 quippe
332 3065 421 3131 fideti,
435 3063 563 3134 prctium
581 3077 638 3118 non
671 3061 790 3133 jusdam
808 3061 903 3127 Nocti,
919 3061 969 3130 qui
986 3075 1092 3131 genere
1108 3062 1226 3132 quidem

96 3162 639 3233 parvumconcredidit‚jussitqueeum
678 3163 846 3230 Smyrnaeus
868 3159 925 3214 suit
946 3174 1004 3214 uon
1027 3159 1121 3215 multo
1146 3163 1224 3218 ante.

96 3258 206 3316 sibimet
223 3260 338 3316 tucrum
358 3274 464 3331 parare
481 3275 517 3315 cx
535 3274 638 3329 orgen·
676 3258 729 3313 Hic
746 3257 865 3313 inflatus
882 3258 912 3312 in
930 3256 1087 3313 clationem
1106 3273 1227 3328 provec-

97 3355 174 3412 taria.
199 3359 253 3422 Qui
276 3358 396 3427 accepto
418 3357 513 3427 pretio
535 3371 637 3426 orgen·
675 3356 724 3411 tus
747 3353 911 3420 astutiori
933 3353 1053 3424 spiritus
1075 3353 1226 3412 inflatione

98 3457 197 3512 tarium
225 3457 353 3513 instituit
378 3455 406 3512 in
433 3456 544 3526 piscina
572 3469 638 3525 qum
676 3454 780 3510 elatus.
796 3453 876 3508 Dixit
888 3453 1036 3510 Christum
1050 3469 1116 3510 esse
1129 3455 1225 3525 ipsum

97 3553 351 3624 vocaturpuuiica;
362 3552 408 3608 cui
420 3551 561 3622 temporis
571 3565 637 3622 pro·
676 3550 806 3616 Patrem,
821 3552 975 3634 ipsumque
990 3550 1109 3606 Patrem
1123 3551 1225 3608 natum

97 3663 192 3716 gressu
203 3667 258 3706 non
269 3665 361 3721 parva
370 3649 643 3719 depoitaaviduis.
674 3663 739 3704 esse
760 3647 791 3703 et
809 3661 928 3718 passum
947 3647 977 3702 ct
996 3647 1156 3704 mortuum.
1178 3651 1225 3706 Vi-

98 3745 124 3799 et
138 3746 273 3804 matribus
290 3745 459 3803 concredita
474 3747 544 3802 sunt
560 3760 633 3815 prae·
671 3744 737 3800 dete
754 3745 866 3815 quanta
882 3743 970 3800 elatio
987 3745 1084 3800 cordis
1099 3744 1129 3800 et
1143 3745 1225 3801 infla-

97 3841 173 3898 textu
188 3844 374 3914 Carpophori.
390 3845 417 3900 ts
430 3843 529 3899 autem
543 3843 635 3898 omni·
672 3843 714 3898 tio
734 3842 856 3913 spiritus
878 3842 966 3898 alieni
986 3843 1015 3898 in
1034 3859 1102 3900 eum
1123 3845 1222 3903 subiit.

100 3937 146 3995 bus
162 3942 338 4012 consumptis
354 3942 383 3996 in
400 3941 544 4011 augustiis
560 3941 634 3996 erat.
674 3941 740 3996 tam
757 3940 849 4010 igitur
866 3955 903 3996 ex
920 3939 986 3996 aliis
998 3941 1112 3996 actibus
1125 3940 1225 4011 depre-

100 4037 148 4100 Qui
169 4053 234 4094 cum
256 4053 290 4094 ea
312 4037 443 4103 fecisset,
464 4052 521 4093 non
545 4036 639 4094 detuit
677 4039 800 4093 heusum
815 4037 869 4107 est,
884 4037 960 4107 quod
978 4053 1034 4094 non
1051 4039 1226 4108 loquebatur

100 4135 141 4202 qui
162 4137 343 4206 Carpophoro
366 4135 563 4202 renuntiarem
588 4136 636 4192 hic
674 4136 779 4207 spiritu
799 4137 907 4192 mundo
928 4157 934 4192 :
954 4137 1002 4206 qui
1021 4139 1145 4194 enimin
1164 4141 1225 4210 Spi-

102 4233 470 4292 autemdixitscrationem
484 4251 639 4306 reposcere
677 4237 769 4292 ritum
792 4235 931 4291 Sanctum
957 4235 1143 4305 blasphemus
1165 4239 1223 4304 est,

103 4329 134 4384 ab
143 4345 183 4388 eo.
198 4335 304 4389 Harum
319 4347 421 4396 rorum
435 4334 568 4390 conscius
579 4333 641 4390 Cat·
678 4349 715 4390 ex
727 4334 828 4389 divina
841 4333 921 4389 sorte
934 4333 1044 4403 eJectus
1057 4335 1110 4391 est.
1123 4335 1227 4392 Aiebat

102 4425 177 4486 iistus
197 4433 226 4488 et
243 4431 405 4502 periculum
423 4446 441 4486 a
458 4433 579 4490 Domino
600 4433 642 4490 in·
680 4433 728 4489 hic
750 4449 782 4489 su
804 4447 868 4489 esse
891 4435 1033 4503 Moysem,
1053 4433 1084 4489 et
1104 4431 1226 4489 tiatrcm
