3180 5134
340 483 375 530 ns
397 477 535 533 cournou.
559 488 641 535 cinca
660 488 818 536 numlsnuu
838 490 1058 571 uannrlconun.
1236 490 1274 549 ss

123 659 156 714 in
184 657 325 714 nomine
356 668 432 710 meo
464 653 634 718 dieentes.
665 657 733 724 Ego
763 669 840 710 sum
868 655 1044 728 christus,
1071 658 1106 713 et
1134 660 1272 718 multos

122 756 259 822 fallent,
293 755 325 813 et
353 753 456 824 postea
480 752 592 810 addidit
616 753 717 810 dicens
741 773 750 810 .·
776 755 843 810 Vos
869 754 988 811 autem
1014 756 1154 812 cavete.
1182 759 1272 814 Eece

122 853 282 922 praedixi
306 851 412 907 vobis
431 852 566 906 omnia.
587 851 669 907 Unde
689 853 812 922 apparet
831 867 889 908 oon
910 868 946 909 ea
965 855 1065 910 statim
1086 855 1272 924 suscipienda

121 951 150 1007 et
170 951 350 1008 assumenda
367 963 434 1019 quae
452 949 607 1019 ,iactantur
625 949 655 1004 in
675 950 793 1006 nomine
817 950 936 1016 Christi,
960 951 1011 1008 sed
1035 966 1101 1023 quae
1125 953 1272 1022 geruntur

122 1051 150 1107 in
174 1050 283 1108 Christi
302 1048 437 1105 veritate.
837 1035 838 1040 ’

158 1173 199 1227 17.
239 1195 252 1217 n
273 1168 355 1235 Quod
378 1168 509 1224 enimin
532 1168 693 1238 evangeliis
715 1169 745 1225 et
767 1170 797 1226 in
820 1170 1023 1240 apostolorum
1046 1170 1178 1240 epistolis
1200 1173 1269 1228 lesu

120 1267 226 1324 Christi
250 1281 355 1323 nomen
375 1265 544 1321 insinuatur
568 1264 606 1320 ad
632 1265 837 1322 remissionem
860 1267 1051 1337 peccatorum
1075 1282 1132 1322 non
1157 1267 1198 1322 ita
1224 1267 1270 1323 est

118 1365 201 1434 quasi
214 1363 267 1420 aut
283 1364 346 1419 sine
358 1361 447 1418 Patre
456 1362 510 1418 aut
523 1363 627 1417 contra
638 1362 758 1418 Patrem
768 1363 907 1434 prodesse
925 1365 1065 1434 cuiquam
1078 1365 1160 1421 solus
1174 1364 1266 1421 Filius

118 1461 221 1532 possit,
239 1460 290 1516 aad
307 1459 341 1516 ut
355 1459 475 1526 ludaeis,
492 1459 542 1528 qui
552 1459 731 1529 jactitabant
746 1475 778 1516 se
793 1461 912 1517 Patrem
928 1461 1048 1525 hebere,
1061 1461 1270 1517 ostenderetur

119 1559 196 1628 quod
211 1557 283 1614 nihil
298 1559 341 1614 eis
353 1557 443 1613 Pater
461 1556 639 1627 profuturus
659 1557 747 1624 esset,
762 1558 816 1614 nisi
831 1559 860 1613 in
875 1558 981 1614 Filium
995 1558 1161 1624 crederent,
1180 1573 1270 1627 quem

117 1654 165 1711 ille
178 1654 354 1711 misisset...
370 1654 435 1710 Alia
447 1653 525 1709 enim
539 1653 596 1708 luit
614 1653 784 1710 Judaeorum
802 1655 857 1710 sub
874 1653 1015 1723 apostolis
1035 1649 1124 1718 ratio,
1145 1653 1206 1709 alia
1224 1654 1270 1710 est

93 1747 274 1824 'gentilium
293 1753 432 1810 conditio.
453 1752 509 1818 llli,
530 1753 600 1822 quia
615 1753 678 1821 jam
698 1753 772 1822 legis
791 1753 821 1808 et
840 1753 935 1822 Moysi
949 1751 1187 1821 antiquissimum
1201 1751 1269 1821 bap

117 1851 207 1908 tisma
230 1845 349 1906 inerant
371 1849 480 1919 adepti,
503 1850 533 1905 in
556 1849 675 1905 nomine
697 1863 813 1919 quoque
837 1851 907 1904 Jesu
930 1848 1039 1905 christi
1064 1849 1151 1903 erant
1176 1847 1268 1918 bapti·

116 1947 247 2004 zandi.‚..
1015 1947 1017 1952 ’

155 2057 197 2112 18.
217 2081 230 2102 n
246 2056 376 2126 Denique
389 2057 438 2112 ubi
452 2055 519 2126 post
534 2055 784 2111 resurrectionem
797 2069 815 2110 a
832 2057 955 2110 Domino
970 2031 1095 2123 apostoli
1113 2054 1149 2110 ad
1165 2029 1268 2124 gentes

116 2151 288 2222 mittuntur,
299 2153 328 2207 in
340 2154 456 2208 nomine
467 2153 564 2209 Patris
575 2153 605 2208 et
615 2152 680 2207 Filii
691 2151 722 2208 et
735 2153 861 2222 Spiritus
872 2153 971 2208 Sancti
982 2152 1131 2222 baptizare
1141 2152 1267 2222 gentiles

109 2248 264 2319 iubentur.
277 2249 428 2314 Quomodo
441 2264 511 2318 ergo
524 2250 643 2319 quidam
654 2248 756 2304 dicunt
768 2248 839 2304 ioris
852 2250 940 2304 entra
952 2248 1118 2314 ecclesiam,
1131 2248 1222 2303 immo
1236 2247 1267 2303 et

114 2344 221 2400 contra
239 2344 404 2412 ecclesiam,
422 2345 510 2401 modo
527 2345 557 2400 in
581 2345 700 2400 nomine
717 2347 787 2400 lesu
811 2345 928 2422 Christi,
949 2344 1126 2413 ubicumque
1145 2343 1175 2400 et
1197 2358 1268 2413 quo·

114 2439 330 2509 modocumque
343 2441 482 2510 gentilem
499 2440 677 2510 baptizatum
702 2441 905 2496 remissionem
919 2439 1109 2510 peccatorum
1127 2440 1267 2508 consequi

113 2551 211 2607 posse,
227 2535 344 2605 quando
357 2537 419 2606 ipse
430 2536 563 2594 Christus
573 2535 675 2606 gentes
688 2536 828 2606 baptizari
836 2535 941 2605 jubeat
950 2537 979 2590 in
993 2534 1080 2605 plena
1093 2537 1123 2591 et
1134 2535 1266 2592 adunata

112 2633 274 2691 Trinitatel
298 2633 359 2688 Nisi
373 2634 398 2689 si
413 2635 464 2703 qui
478 2633 629 2691 Christum
648 2635 736 2704 negat
755 2637 881 2703 negatur
896 2647 915 2692 a
932 2633 1058 2700 christo,
1080 2634 1130 2702 qui
1144 2633 1266 2688 Patrem

111 2731 178 2801 ejus
191 2729 291 2800 negat,
299 2743 386 2800 quem
397 2731 459 2800 ipse
470 2731 603 2787 Christus
614 2731 766 2787 consessus
779 2731 827 2798 sit,
843 2746 900 2786 non
912 2729 1085 2800 negatur‚et
1094 2729 1143 2798 qui
1158 2729 1188 2784 ln
1198 2743 1267 2786 eum

111 2826 298 2896 blasphemat
317 2841 405 2895 quem
425 2826 558 2883 Christus
576 2827 732 2882 Dominum
752 2825 782 2882 et
801 2829 893 2881 Deum
913 2839 1000 2880 suum
1022 2823 1142 2886 dixerit,
1168 2839 1266 2881 remu·

110 2923 235 2978 aeratus
246 2922 387 2978 achristo
397 2924 600 2998 remissionem
612 2921 803 2991 peccatorum
811 2922 841 2977 et
851 2923 989 2992 baptismi
999 2923 1265 2986 sanctificationem

111 3020 315 3089 consequitur.
336 3022 400 3085 Qua
418 3021 517 3075 autem
534 3019 679 3088 potestate
694 3021 833 3089 consequi
850 3019 880 3073 in
897 3019 1043 3088 baptismo
1057 3019 1261 3075 remissionem

9 3171 10 3176 ,
110 3116 303 3185 peecatorum
324 3117 422 3187 potest
440 3131 550 3186 negans
569 3118 663 3171 Deum
683 3115 852 3171 creatorem
876 3115 996 3170 Patrem
1014 3114 1133 3180 christi,
1147 3115 1265 3184 quando

109 3212 205 3281 ipsam
225 3212 402 3281 potestatem
422 3227 481 3283 qua
500 3211 683 3282 baptizamur
702 3211 732 3267 et
756 3211 978 3267 sanctificamur
995 3209 1032 3265 ab
1051 3210 1155 3266 eodem
1177 3211 1266 3269 Patro

110 3305 247 3363 christus
266 3307 459 3376 acceperit...

144 3432 193 3487 21.
218 3449 245 3476 n·
255 3471 361 3486 .....
384 3433 480 3496 Quare
493 3431 640 3500 baptisma
653 3431 736 3486 nobis
749 3430 779 3487 et
793 3429 941 3487 haereticis
958 3446 1115 3489 commune
1128 3449 1193 3490 esse
1207 3451 1265 3493 non

107 3526 219 3596 potest,
240 3540 308 3606 cum
328 3527 434 3595 quibus
454 3541 509 3582 nec
525 3526 615 3582 Pater
628 3528 715 3593 Deus,
731 3541 785 3582 nec
799 3527 890 3582 Filius
903 3527 1049 3594 Christus,
1064 3543 1118 3584 nee
1138 3531 1265 3599 Spiritus

82 3631 84 3634 ·
109 3622 248 3689 Sanctus,
263 3636 317 3678 nec
337 3622 419 3689 tides,
442 3637 495 3678 nec
508 3622 634 3678 ecclesia
653 3623 717 3692 ipsa
729 3625 895 3679 eommunis
916 3625 971 3678 est.
987 3625 1024 3679 Et
1043 3624 1108 3680 ideo
1122 3626 1264 3695 baptizari

107 3735 159 3777 eos
173 3719 293 3788 oportet
302 3722 353 3788 qui
366 3721 402 3777 de
412 3721 518 3778 haeresi
528 3721 565 3776 ad
577 3720 733 3776 ecclesiam
744 3722 883 3788 veniunt3
899 3721 933 3777 ut
943 3723 993 3790 qui
1006 3722 1138 3791 legitimo
1152 3725 1264 3781 atvero

107 3817 200 3885 atque
217 3815 305 3870 unico
324 3817 435 3872 sanctae
454 3816 588 3873 ecclesiae
602 3816 747 3886 baptismo
766 3815 803 3870 ad
823 3831 949 3885 regnum
972 3816 1024 3871 llei
1041 3819 1265 3885 regeneratione

107 3911 211 3966 divino
234 3913 450 3980 praeponantur,
473 3913 661 3968 sacramento
680 3913 808 3982 utroquo
831 3912 1002 3978 nascantur,
1027 3913 1097 3980 quia
1120 3915 1263 3983 scriptum

106 4009 152 4064 cst
176 4028 183 4062 :
207 4007 282 4062 Nisi
311 4009 389 4076 quis
414 4009 559 4064 renatus
585 4007 698 4065 fuerit
722 4023 764 4064 ex
790 4023 880 4082 aqua
899 4009 933 4065 et
954 4009 1104 4082 Spiritu,
1125 4026 1191 4068 nou
1211 4028 1265 4088 po·

107 4103 184 4160 test
205 4103 345 4160 intrare
363 4105 396 4162 iu
416 4119 561 4174 regnum
582 4107 651 4166 nel.

142 4327 189 4381 23.
211 4348 226 4372 n
241 4323 297 4379 Sed
312 4324 383 4380 dicit
396 4323 524 4393 aliquis:
544 4325 618 4389 Quid
635 4341 707 4396 ergo
724 4324 775 4381 liet
792 4324 829 4381 de
846 4325 892 4384 his
908 4325 958 4394 qui
976 4327 1005 4380 in
1022 4325 1208 4394 praeteritum
1226 4326 1263 4383 de

106 4419 215 4478 haeresi
229 4417 267 4480 ad
281 4419 435 4479 ecclesiam
449 4419 600 4480 venientes
613 4423 676 4480 sine
686 4419 832 4489 baptismo
846 4420 967 4479 admissi
984 4420 1071 4478 suntl
1092 4419 1200 4478 Potens
1216 4422 1263 4480 est
