3154 5134
359 455 419 528 ³284
738 487 807 531 urss.
831 486 870 530 u.
893 487 929 530 nn
950 487 1124 531 nnrtnrrrons

360 657 528 733 Maximo
547 657 718 761 Dionysii
735 659 979 737 Alexandrini
998 659 1203 736 successori
1223 659 1431 736 inscribant
1445 663 1489 754 (ι),

360 793 495 868 nedum
528 799 659 871 contra
691 820 821 872 eorum
851 795 1074 873 sententiam
1109 820 1153 872 aa
1189 795 1339 872 decreta
1359 794 1491 870 -venire

359 926 559 1005 voluerint.
588 929 791 1030 Repugnat
817 955 906 1032 ergo
930 930 1151 1007 certissimis
1179 930 1349 1007 historiae
1372 953 1490 1005 monu-

360 1063 496 1139 mentis
522 1069 566 1140 ut
590 1068 911 1142 consubstantiale
934 1065 973 1141 in
995 1065 1229 1142 Antiochena
1249 1065 1400 1166 Synodo
1417 1087 1491 1165 pro

360 1196 543 1298 scriptum
560 1197 720 1274 dicatur.
744 1235 759 1264 υ
782 1200 842 1276 Ita
859 1199 1054 1276 Maranus.

411 1385 450 1468 4·
469 1405 524 1470 11.
544 1389 675 1467 Altera
687 1415 775 1492 pars
789 1415 854 1467 seu
867 1394 1132 1492 argumentum
1146 1390 1363 1491 negativum
1377 1383 1490 1462 multi-

362 1525 508 1629 pliciter
526 1527 642 1604 statui
660 1531 792 1630 potest.
811 1526 1001 1603 Nimirum
1018 1551 1177 1628 arguere
1194 1525 1306 1600 licet:

414 1667 449 1736 l⁰
471 1661 530 1736 Ex
551 1659 699 1737 silentio
726 1659 1020 1738 Catholicarum.
1052 1661 1150 1736 Nam
1172 1695 1188 1724 a
1209 1659 1240 1735 si
1258 1663 1383 1734 tamen
1403 1655 1490 1754 ejus-

361 1797 460 1873 modi
478 1797 669 1873 decretum
687 1821 710 1873 a
728 1795 878 1898 Synodo
896 1796 1130 1873 Antiochena
1147 1795 1359 1896 prodiisset,
1376 1786 1491 1866 debuit

360 1921 463 1998 illius
493 1921 594 1998 fama
622 1920 732 2022 longe
762 1945 928 2008 manare,
958 1919 1098 2020 Synodi
1128 1917 1277 2004 litteris,
1306 1916 1344 1990 in
1368 1911 1490 2014 quibus

360 2056 682 2132 consubstantiale
712 2056 932 2131 damnatum
968 2053 1083 2130 fuisse
1116 2053 1267 2140 dicitur,
1298 2050 1345 2126 ad
1374 2065 1489 2122 omncs

360 2188 534 2265 ecclesias
553 2188 677 2265 missis
699 2191 749 2286 (a).
773 2190 872 2264 Nam
892 2188 923 2264 si
945 2191 1092 2265 tantum
1113 2187 1311 2263 turbarum
1332 2183 1489 2258 exortum

361 2331 431 2412 est,
446 2323 536 2400 dum
550 2348 647 2400 unus
665 2323 859 2426 episcopus
875 2323 974 2425 apud
989 2319 1187 2398 nonnullos
1200 2318 1316 2395 laicos
1330 2309 1486 2392 offendit;

361 2466 500 2565 quanto
525 2461 645 2562 magis
671 2461 703 2536 si
728 2460 967 2563 septuaginta
990 2459 1166 2562 episcopi,
1193 2458 1223 2534 si
1251 2456 1349 2559 apud
1375 2473 1488 2530 omnes

362 2597 550 2683 ecclesiae,
580 2595 611 2672 si
642 2620 715 2671 non
745 2594 865 2671 levem
896 2594 1159 2696 suspicionem,
1191 2592 1254 2668 sed
1285 2587 1489 2687 consignata

362 2731 522 2834 publicis
539 2731 674 2808 litteris
692 2731 831 2808 indicia
848 2731 1056 2808 dedissent?
1077 2733 1196 2807 Nemo
1215 2735 1342 2806 tannen
1363 2719 1488 2826 synodo

362 2865 554 2954 reclamat,
572 2864 633 2942 sed
648 2866 815 2942 omnium
829 2865 963 2967 plausu
982 2869 1018 2941 et
1035 2864 1288 2966 gratulatione
1305 2856 1487 2959 excipitur,

362 3025 406 3078 ac
424 3025 569 3102 semper
587 3000 625 3076 in
644 3000 783 3078 honore
800 3005 837 3078 et
853 3000 1016 3102 pretium
1033 2999 1116 3076 fuit.
1141 3035 1156 3065 a

414 3178 453 3264 5.
470 3189 509 3260 2⁰
527 3183 585 3260 Ex
603 3183 751 3260 silentio
767 3183 1008 3259 Asianorum.
1025 3229 1072 3238 -
1089 3219 1105 3248 u
1123 3180 1264 3260 Saltem
1278 3177 1488 3254 Arianorum

363 3316 609 3417 cognitionem
630 3307 843 3417 hujusmodi
858 3316 1061 3407 decretum,
1081 3315 1228 3418 siquod
1248 3313 1389 3396 fuisset,
1407 3301 1486 3380 effu·

363 3477 450 3554 gere
468 3477 541 3530 non
559 3452 692 3553 potuit.
714 3452 897 3529 Viderunt
914 3452 1025 3555 primi
1038 3451 1170 3529 Ariani
1184 3448 1487 3526 Antiochenorum

364 3589 524 3664 Patrum
543 3612 615 3662 non
634 3611 792 3688 paucos;
813 3592 922 3664 erant
938 3588 978 3663 in
996 3588 1162 3664 omnium
1180 3585 1352 3662 manibus
1368 3580 1487 3656 litterae

365 3721 526 3823 Synodi;
552 3720 627 3796 cito
649 3719 860 3798 olfecissent
881 3722 1043 3800 venatici
1063 3723 1117 3798 illi
1135 3747 1261 3810 canes,
1282 3721 1314 3796 si
1333 3715 1414 3821 quid
1433 3707 1486 3788 ad-

365 3880 497 3931 versus
514 3857 835 3932 consubstantiale
852 3856 911 3932 his
930 3856 1065 3934 litteris
1079 3856 1340 3957 consignatum
1358 3847 1484 3928 fuisset.

364 3991 415 4065 At
428 3987 523 4064 forte
537 3988 606 4064 hoc
619 3988 810 4065 decretum
824 3995 1019 4079 noverant,
1035 3992 1099 4068 sed
1117 3991 1276 4092 objicere
1290 3981 1484 4066 noluerunt.

365 4123 399 4200 N
403 4147 484 4199 emo
502 4146 591 4198 sane
608 4121 646 4198 id
661 4123 925 4226 suspicabitur,
945 4151 1053 4203 nemo
1071 4125 1336 4226 negligentiam
1353 4112 1488 4198 Arianis

397 4398 427 4458 (1)
441 4397 497 4448 Otr.
511 4395 577 4448 Eas.
592 4393 627 4447 H.
641 4395 676 4448 Ε.
687 4397 746 4450 vll.
760 4399 800 4450 30.
814 4399 860 4450 cit.
873 4411 919 4449 su·
987 4403 1017 4478 tc)
1029 4398 1090 4450 Vid.
1104 4399 1169 4449 ibid.

364 4507 415 4561 pra
426 4505 490 4559 pag.
504 4492 562 4544 279.
575 4493 632 4546 not.
646 4491 669 4544 3.
