3180 5134
339 393 343 400 ’
430 398 466 444 ΒΕ
487 396 626 446 comant.
648 395 730 444 claci
751 395 830 443 siri.
854 395 961 442 nam.
1236 385 1266 442 71

120 583 254 626 numero
281 565 425 625 habentur
447 565 498 637 qui
519 565 595 636 apud
617 577 670 622 nos
694 563 865 622 catechizati
883 563 999 635 quidem
1016 564 1095 633 sunt,
1115 565 1166 622 sed
1183 568 1265 639 prius

120 681 216 738 quam
229 665 453 737 baptizarentur
465 662 611 730 obierunt,
624 677 681 719 uon
695 663 780 720 modo
802 662 902 719 dicunt
915 671 982 740 [non
995 663 1174 732 modicumt]
1187 680 1265 723 emo-

120 763 300 821 lumentum
320 762 451 818 veritatis
470 760 500 817 et
512 759 589 826 fidei,
610 759 646 816 ad
659 774 748 830 quam
760 759 863 816 relicto
875 773 977 816 errore
990 760 1197 831 pervenerant,
1210 763 1265 820 etsi

120 859 416 919 consummationem
437 858 541 930 gratia
565 856 717 914 consecuti
736 872 793 914 non
818 856 887 915 sunt
910 857 1006 914 morie
1031 858 1183 928 praeventi.
1211 862 1264 927 Qui

120 959 231 1016 autem
245 958 344 1016 adbuc
353 959 383 1014 in
395 957 502 1015 seculo
521 955 702 1027 permanent,
716 955 898 1026 baptizentur
911 956 1043 1014 ccclesiae
1062 957 1217 1028 baptismo,
1231 959 1266 1016 ut

120 1059 337 1115 remissionem
356 1055 543 1127 peccatorum
555 1055 692 1125 consequi
711 1055 832 1125 possint,
847 1069 883 1112 ne
896 1069 949 1126 per
966 1055 1091 1112 ahenam
1104 1070 1264 1128 praeump-

119 1155 244 1213 tionem
261 1155 293 1211 in
311 1153 434 1225 pristino
453 1167 555 1210 errore
577 1151 726 1210 manentes
745 1152 808 1210 sine
828 1153 931 1223 gratiae
943 1153 1193 1211 consummatione
1206 1170 1265 1212 nro

120 1251 308 1308 riantur.....

160 1375 213 1432 22.
234 1373 255 1422 »s
326 1375 362 1430 Et
374 1389 431 1430 non
445 1371 534 1444 pudet
547 1371 724 1443 Stephanum
736 1371 792 1427 hoc
805 1385 947 1440 asserere,
961 1371 995 1429 ut
1007 1387 1060 1444 per
1072 1387 1122 1430 eos
1134 1375 1184 1444 qui
1197 1389 1264 1432 cum

121 1475 182 1545 ipsi
200 1474 234 1528 in
251 1471 387 1528 omnibus
403 1471 529 1542 peccatis
549 1470 607 1528 sint
623 1469 774 1527 constituti
790 1469 868 1527 dicat
882 1485 967 1541 posse
985 1471 1185 1529 remissionem
1201 1489 1265 1544 pec-

121 1572 270 1630 catorum
282 1571 356 1638 dari,
370 1572 453 1641 quasi
466 1569 558 1644 possit
569 1583 633 1626 esse
645 1571 675 1627 iu
688 1569 774 1626 domo
786 1569 890 1627 mortis
903 1570 1055 1627 lavacrum
1068 1571 1182 1628 salutis.

162 1695 215 1751 23.
236 1717 250 1740 n
269 1690 573 1762 Ubiergooritquod
590 1689 801 1761 scriptumest,
821 1690 868 1747 Ab
887 1704 975 1760 aqua
993 1691 1109 1748 aliena
1127 1692 1265 1751 abstine

122 1791 160 1849 te
182 1790 222 1848 ct
240 1805 259 1846 a
277 1789 372 1846 fonte
391 1789 508 1845 alieno
528 1803 568 1845 ne
585 1788 725 1855 biberis,
744 1789 769 1845 si
784 1787 888 1844 relicto
904 1789 1035 1874 ecclesiae
1047 1790 1126 1848 fonte
1139 1792 1262 1862 signato,

123 1890 262 1946 alienam
282 1901 387 1958 aquam
406 1901 460 1956 pro
478 1885 531 1942 tua
549 1886 671 1956 suscipis
690 1884 720 1942 at
738 1885 866 1956 proiauis
885 1886 1012 1943 sontibus
1034 1886 1186 1945 ecclesiam
1204 1891 1265 1959 pol·

123 1988 207 2044 luisi
230 1986 350 2052 Quando
373 1986 450 2040 enim
472 1983 614 2054 baptismo
637 1982 843 2039 baereticorum
862 1983 1071 2052 communicas,
1094 1986 1163 2055 quid
1184 1987 1264 2042 aliud

125 2099 222 2156 quam
242 2082 279 2138 de
296 2084 437 2152 voragine
452 2082 483 2138 et
498 2097 581 2138 coeno
596 2081 716 2138 illorum
731 2080 814 2148 bibis,
832 2081 862 2138 et
876 2081 938 2151 ipsa
953 2082 1084 2139 ecclesiae
1102 2083 1263 2141 sanctitica-

124 2185 213 2240 tione
226 2181 369 2252 purgatus
381 2181 543 2237 alienarum
556 2180 687 2237 sordium
699 2177 882 2236 contactibus
894 2179 1072 2250 inquinarisi
1086 2184 1145 2238 Nec
1157 2183 1263 2240 metuis

121 2280 275 2352 jndicium
289 2279 339 2334 Dei
352 2278 498 2336 haereticis
510 2276 709 2334 testimonium
725 2278 829 2333 contra
845 2277 998 2334 ecclesiam
1014 2278 1179 2349 perhibens,
1196 2297 1264 2340 cum

125 2377 278 2448 scriptum
297 2375 336 2431 sit
352 2395 358 2432 ε
377 2376 501 2432 Falsus
517 2375 620 2433 testis
637 2390 702 2431 non
721 2375 790 2432 erit
805 2375 1014 2446 impunitusi
1034 2378 1214 2442 Quinimmo
1230 2381 1264 2438 tu

126 2476 280 2534 haeraticis
293 2476 427 2532 omnibus
443 2476 525 2547 pejor
541 2491 580 2532 es.
599 2478 672 2532 Nam
693 2491 759 2532 cum
775 2475 842 2533 inde
862 2475 947 2532 multi
964 2477 1080 2547 cognito
1093 2493 1194 2537 errore
1210 2496 1263 2538 suo

125 2576 166 2632 ad
181 2575 212 2630 te
225 2573 345 2630 veniant
357 2573 391 2630 ut
403 2574 534 2630 ecclesiae
546 2588 650 2630 verum
663 2573 761 2630 lumen
778 2573 933 2644 accipiant,
947 2575 979 2631 tn
992 2576 1171 2634 venientium
1184 2594 1264 2636 erro-

124 2689 178 2730 res
207 2673 341 2742 adjuvas,
365 2673 395 2729 et
416 2672 572 2728 obscurato
597 2673 705 2728 lumine
731 2673 935 2729 ecclesiasticae
960 2673 1102 2744 veritatis,
1126 2675 1262 2736 tenebras

124 2771 279 2830 baereticae
298 2770 391 2828 noctis
410 2770 587 2827 accumulas.
609 2773 737 2840 cumque
756 2785 787 2827 se
806 2771 848 2826 iiii
865 2773 895 2826 in
914 2771 1040 2842 peccatis
1059 2787 1122 2828 esse
1141 2773 1171 2831 et
1190 2775 1261 2832 nihil

125 2869 235 2940 gratias
254 2867 361 2924 habere
378 2883 410 2924 se
426 2883 460 2923 uc
480 2867 634 2938 propterea
652 2868 689 2923 ad
708 2867 862 2924 ecclesiam
877 2869 978 2924 venire
993 2867 1152 2937 fateantur,
1170 2871 1202 2928 tu
1220 2873 1262 2930 eis

125 2963 334 3022 remissionem
351 2964 538 3034 peccatorum
556 2963 703 3020 subtrahis
716 2979 781 3034 qnae
794 2965 823 3020 in
837 2963 980 3035 baptismo
993 2965 1091 3034 datur,
1106 2966 1175 3023 dum
1189 2969 1261 3027 dicis

125 3077 180 3118 eos
196 3062 261 3132 jam
280 3061 439 3130 baptizatos
458 3061 488 3118 et
507 3060 592 3118 extra
611 3061 764 3118 ecclesiam
783 3062 914 3118 ecciesiae
935 3061 1061 3133 gratiam
1078 3065 1258 3124 consecutos.

126 3163 190 3216 Nec
209 3158 347 3228 intelligis
369 3160 482 3215 animas
500 3173 602 3215 eornm
622 3159 658 3215 de
677 3173 765 3215 manu
787 3159 839 3216 tua
858 3159 973 3229 exquiri
995 3174 1062 3216 cum
1077 3161 1180 3230 judicii
1199 3162 1261 3221 dies

127 3257 256 3324 venerit,
271 3259 321 3326 qni
339 3257 504 3314 sitientibus
520 3258 650 3315 ecclesia
668 3258 769 3328 potum
790 3257 913 3328 negasti,
933 3259 963 3315 et
978 3259 1144 3320 volentibus
1160 3264 1260 3323 vivere

127 3371 220 3414 causa
232 3355 335 3412 mortis
347 3355 439 3413 inisti.
453 3358 489 3414 Et
501 3357 619 3428 insuper
631 3357 800 3428 indignaris.

167 3479 213 3536 m.
235 3503 248 3526 n
265 3478 336 3534 Vide
349 3493 406 3548 qua
422 3479 568 3550 imperitia
581 3481 793 3552 reprehendere
808 3482 916 3540 audeas
934 3467 983 3541 eos
996 3485 1046 3554 uni
1063 3487 1165 3545 contra
1182 3503 1260 3548 men-

127 3575 247 3632 dacium
268 3589 323 3645 pro
347 3577 473 3634 veritate
494 3578 638 3635 nituntur.
665 3580 734 3644 Quis
756 3581 834 3636 enim
852 3579 962 3650 justins
987 3581 1131 3654 indignari
1157 3588 1260 3646 contra

128 3675 256 3731 alterum
272 3672 388 3730 debuit?
403 3675 545 3732 Utrumne
558 3677 607 3746 qui
619 3675 717 3733 hostes
728 3677 778 3733 Dei
791 3678 906 3746 asserit,
921 3693 958 3734 an
972 3695 1044 3736 vero
1056 3682 1106 3752 qui
1119 3681 1260 3742 adversus

128 3785 199 3828 eum
212 3770 262 3841 qni
277 3769 377 3826 hostes
393 3771 443 3826 Dei
455 3773 562 3829 asserit
574 3788 627 3844 pro
643 3774 775 3831 ecclesia
790 3775 915 3831 veritate
930 3776 1093 3834 consentiit
1107 3779 1168 3834 Nisi
1183 3783 1259 3851 quod

129 3866 282 3938 imperitos
295 3867 383 3925 etiam
400 3871 546 3927 animosos
563 3870 651 3941 atque
666 3872 821 3928 iracundos
834 3887 898 3928 esse
913 3873 1100 3930 manifestum
1117 3876 1172 3944 est,
1190 3877 1260 3936 dum

129 3981 182 4038 per
194 3967 322 4036 inopiam
335 3967 446 4023 consilii
460 3968 489 4025 et
501 3969 644 4025 sermonis
656 3969 693 4024 ad
706 3969 890 4052 iracundiam
900 3971 985 4027 facile
998 3969 1166 4040 vertuntur,
1177 3975 1211 4030 ut
1223 3976 1259 4033 de

129 4066 210 4124 nullo
221 4066 279 4121 alio
289 4067 381 4136 magis
392 4081 478 4136 quam
489 4068 524 4124 de
535 4068 567 4125 te
579 4068 656 4124 dicat
669 4071 814 4139 scriptura
827 4069 926 4127 diuina
940 4091 946 4127 :
963 4072 1067 4126 Homo
1081 4073 1259 4133 animosus

128 4162 232 4235 parat
252 4161 345 4230 litae,
365 4163 399 4220 et
417 4166 473 4220 vir
489 4165 680 4223 iracundus
698 4169 894 4238 exaggerat
911 4166 1065 4239 peccata.
1086 4171 1164 4228 Lites
1183 4175 1259 4230 enim

130 4262 160 4318 et
172 4259 367 4317 dissensiones
380 4261 503 4331 quantm
520 4263 629 4333 parasti
642 4277 694 4334 per
708 4265 845 4323 ecclesias
857 4266 948 4324 totius
965 4266 1083 4322 muudit
1103 4270 1259 4329 Peccatum

129 4371 300 4428 veroquam
310 4373 447 4429 magnum
461 4360 513 4417 tibi
526 4361 719 4432 exaggerasti,
731 4363 846 4433 quando
859 4365 889 4422 te
899 4380 917 4422 a
926 4364 970 4422 tot
982 4363 1117 4436 gregibus
1131 4368 1258 4428 scidisti?
