3208 5150
316 401 354 460 56
622 415 694 462 nass.
716 417 737 462 ι.
759 417 796 462 nu
816 417 885 464 uon.
908 417 934 463 s.
958 418 1038 464 amm
1060 418 1149 464 aarsc.

314 603 455 658 anuum
483 584 716 682 exspectasse
744 587 787 660 ut
815 583 883 660 illa
911 584 1056 662 ratione
1083 589 1162 661 tam
1188 583 1290 662 facili
1321 610 1473 664 eorum

314 713 609 791 benevolentiam
631 715 701 792 sibi
726 717 947 794 conciliandi
969 719 1162 796 uteretur?
1181 721 1314 797 Nonne
1331 723 1474 824 potius

314 851 604 929 existimandum
629 877 729 943 eum,
754 879 871 956 quum
900 859 999 932 certe
1023 855 1162 957 optimc
1187 861 1313 934 nosset
1337 882 1384 933 cx
1413 859 1473 934 iis

314 1011 397 1089 quae
414 986 527 1089 paulo
544 992 631 1064 ante
647 987 861 1066 acciderant
883 991 924 1088 (1)
946 1012 1061 1091 quam
1079 987 1266 1066 insensum
1285 989 1469 1068 animum

313 1145 404 1222 erga
421 1121 564 1200 Christi
582 1122 769 1225 apostolos
787 1128 971 1225 gererent,
995 1125 1123 1202 statim
1147 1124 1254 1201 initio
1272 1125 1330 1201 sui
1349 1127 1466 1226 regni

315 1255 410 1333 hanc
427 1257 530 1336 viam
547 1258 695 1335 iniisset

364 1431 400 1516 7.
430 1435 502 1514 Sed
536 1440 648 1513 etex
683 1434 828 1537 reliqua
861 1434 1076 1512 narratione
1104 1435 1258 1537 Josephi
1293 1435 1467 1513 multum

313 1575 457 1653 roboris
474 1575 617 1653 accedit
637 1574 685 1652 ad
709 1578 877 1651 nostram
900 1574 1153 1675 conjecturam
1177 1603 1184 1648 :
1206 1573 1295 1676 quia
1314 1571 1469 1652 scilicet

312 1735 358 1786 ex
398 1735 442 1788 ea
476 1709 697 1788 concludere
732 1733 930 1811 possumus
969 1707 1176 1810 Agrippam
1210 1732 1271 1784 an.
1308 1715 1356 1784 44
1390 1732 1467 1785 seu

311 1847 446 1945 quarto
472 1843 530 1920 sui
551 1843 655 1944 regni
676 1847 762 1920 ante
782 1842 981 1920 Paschatis
1004 1847 1150 1946 tempus
1175 1842 1311 1919 cuivis
1329 1867 1466 1920 exces-

312 1976 416 2052 sisse.
455 1975 589 2054 Refert
622 1975 721 2052 enim
754 1976 941 2079 Josephus
972 1978 1020 2076 (ε)
1060 1999 1145 2052 eum
1179 1976 1468 2078 Hierosolymis

311 2109 548 2186 descendisse
575 2110 773 2210 Berytum.
799 2109 863 2185 uhi
890 2147 906 2174 a
926 2110 1117 2187 theatrum
1141 2109 1462 2189 exaedificavit...

314 2281 329 2310 a
352 2248 394 2321 ut
408 2247 452 2321 et
475 2244 795 2346 amphitheatrum
819 2247 1080 2345 sumptuosum
1101 2248 1138 2320 et
1162 2243 1419 2345 magnificum.
1432 2307 1461 2322 ..

315 2419 331 2449 a
354 2383 441 2462 Istis
462 2387 589 2460 autem
606 2383 738 2485 Beryti
758 2381 966 2471 celebratis,
986 2381 1026 2457 in
1045 2381 1280 2458 Tiberiadem
1298 2380 1466 2460 Galileae

314 2551 329 2581 π
351 2518 481 2594 urbem
499 2515 678 2616 migravit
694 2553 709 2578 a
727 2519 777 2616 (a).
800 2515 942 2591 Deinde
959 2514 1072 2617 paulo
1090 2515 1189 2592 infra
1206 2517 1329 2618 pergit
1348 2513 1371 2594 J
1374 2543 1465 2594 ose-

310 2650 407 2753 phus
426 2652 462 2750 (4)
481 2681 487 2725 :
509 2686 524 2716 a
546 2651 695 2728 Tertius
713 2676 834 2728 annus
852 2651 1002 2728 finierat
1018 2676 1064 2728 ex
1086 2675 1159 2753 quo
1176 2652 1200 2728 J
1202 2651 1321 2728 udaeae
1339 2677 1465 2752 regno

314 2823 329 2845 a
350 2785 563 2888 potiebatur
580 2811 667 2863 cum
680 2788 720 2863 in
738 2788 868 2865 urbem
883 2787 1066 2866 Caesareae
1083 2787 1276 2888 ingressus
1287 2792 1345 2865 est
1365 2825 1380 2854 a
1399 2792 1458 2887 (5).

312 2919 439 3007 Quum
456 2919 582 3022 itaque
593 2924 672 2997 tam
689 2921 845 3024 praecise
861 2923 973 2998 finem
991 2921 1093 2999 tertii
1111 2921 1201 2998 anni
1219 2947 1284 2998 seu
1302 2921 1462 3001 initium

311 3054 435 3156 quarti
448 3055 472 3132 J
474 3055 635 3157 oscphus
649 3055 815 3158 assignet
831 3056 1009 3134 adventui
1023 3055 1203 3157 Agrippae
1223 3054 1457 3146 Caesaream,

312 3216 385 3267 non
415 3191 589 3268 videntur
612 3193 700 3293 jure
729 3217 837 3295 posse
865 3191 953 3269 addi
986 3191 1060 3268 duo
1091 3189 1257 3267 veltres
1291 3214 1457 3280 menaea,

312 3325 409 3428 quod
434 3319 562 3402 tamen
591 3327 843 3404 necessarium
866 3328 963 3403 esset
988 3326 1020 3401 si
1045 3325 1216 3401 dicamus
1243 3325 1368 3425 ipsum
1393 3350 1458 3400 so-

310 3461 499 3537 lummodo
525 3465 609 3562 post
635 3462 786 3540 Pascha
809 3486 848 3538 se
874 3457 1076 3537 contulisse
1100 3457 1327 3545 Caesaream,
1356 3481 1458 3558 prae-

311 3595 440 3672 sertim
470 3596 521 3685 si,
554 3601 596 3674 ut
624 3597 775 3674 videtur
803 3595 930 3696 colligi
960 3619 1007 3670 ex
1035 3593 1250 3670 narratione
1279 3591 1455 3691 Josephi,

310 3734 512 3830 antequam
529 3754 572 3807 eo
595 3732 820 3833 pervenerit,
842 3729 974 3831 Beryti
998 3731 1036 3804 et
1059 3726 1256 3804 Tiberiade
1281 3725 1457 3828 aliquan-

310 3867 391 3941 tum
427 3870 677 3942 commoratus
712 3865 772 3942 sit.
810 3909 857 3920 -
887 3861 937 3940 Et
965 3861 1210 3939 confirmatur
1239 3858 1309 3935 hcc
1338 3885 1456 3962 argu-

344 4157 374 4222 (ι)
386 4155 444 4207 Act.
458 4167 543 4206 vr-vru
551 4155 578 4205 et
589 4166 626 4206 rx.
639 4155 680 4216 23,
692 4157 734 4220 24,
746 4157 786 4208 29.
931 4160 960 4224 (a)
970 4159 1064 4212 Graeco
1073 4155 1179 4210 seilicet
1189 4175 1196 4210 :
1206 4155 1300 4224 Τρίτον
1309 4152 1370 4220 ’έτος
1379 4151 1459 4230 αὐτῷ

342 4249 372 4312 (9)
384 4246 444 4298 Lib·
457 4244 532 4297 XIX·
546 4259 606 4311 αιΡ·
619 4249 643 4297 7·
658 4260 684 4298 n.
699 4249 722 4297 5·
898 4247 1066 4320 βασιλεύοντι
1081 4249 1128 4311 τῆς
1138 4241 1201 4312 ἴλης
1212 4240 1337 4311 Ἰουδαίας
1348 4247 1458 4310 πεπλή-

343 4339 372 4400 (a)
384 4337 449 4400 0³1²·
463 4335 478 4385 8
490 4335 527 4385 in·
898 4361 963 4412 ρωτο
965 4381 1012 4395 .....

343 4429 374 4492 (⁴)
386 4425 450 4490 Cap.
460 4425 484 4474 8.
498 4437 524 4474 n.
535 4425 560 4474 2.
