3180 5134
348 431 381 492 74
825 441 942 491 sereno.
964 437 1005 490 Η.

384 615 515 673 caecilius
527 627 546 668 a
558 613 634 670 Bilta
646 612 721 669 dixit
735 631 741 668 :
758 613 817 682 ligo
836 626 927 668 unum
942 612 1086 682 baptisma
1099 615 1128 671 in
1142 616 1269 672 ecclesia
1287 617 1382 673 solum
1401 618 1476 684 scio,

346 715 377 772 et
395 713 481 770 extra
499 711 651 768 ecclesiam
671 710 792 767 nullum.
809 710 860 765 Hic
879 708 936 766 erit
954 726 1045 768 unum
1058 713 1107 770 ubi
1120 727 1186 784 spes
1205 727 1277 768 vera
1288 714 1333 769 est
1352 715 1382 770 et
1403 713 1478 770 fides

347 813 438 869 certa.
460 812 506 868 Sic
526 811 602 866 enim
621 808 762 878 scriptum
778 807 823 864 est
837 828 843 863 :
859 809 931 863 Une
949 808 1052 877 fidos,
1073 825 1142 867 una
1160 823 1254 879 spes,
1274 823 1378 866 unum
1398 810 1478 880 bap-

346 910 465 977 tisma,
486 923 543 965 non
556 905 631 978 apud
644 906 808 972 haereticos,
820 905 869 961 ubi
882 919 947 975 spes
960 907 1041 962 nulla
1053 908 1137 965 estet
1148 908 1219 964 fides
1231 908 1305 965 salse
1308 951 1361 965 .....

383 1008 498 1064 Primus
516 1022 534 1062 e
554 1006 693 1076 Misgirpa
711 1002 806 1060 dixit:
822 1005 929 1060 Censeo
948 1019 1063 1062 omnem
1082 1005 1229 1064 hominem
1246 1007 1282 1062 ab
1301 1006 1408 1063 haeresi
1427 1022 1478 1062 vo·

347 1105 473 1163 nientem
491 1102 704 1174 baptizandum.
727 1099 850 1157 Frustra
871 1101 949 1157 enim
970 1102 1030 1159 illio
1049 1104 1133 1174 putat
1152 1119 1183 1160 se
1202 1118 1265 1161 esse
1284 1103 1476 1175 baptizatum,

346 1217 413 1259 cum
432 1217 489 1257 non
508 1200 547 1257 sit
565 1198 709 1269 baptisma
720 1199 775 1254 nisi
794 1199 824 1253 in
844 1198 968 1255 ecelesia,
980 1215 1071 1257 unum
1083 1200 1114 1257 et
1125 1216 1230 1258 rerum
1245 1222 1251 1258 :
1267 1201 1334 1272 quia
1353 1200 1384 1257 st
1398 1203 1478 1256 Deus

345 1313 431 1366 unus,
446 1299 476 1354 et
494 1297 566 1354 iides
584 1309 653 1363 una,
667 1295 697 1352 et
717 1294 840 1352 ecclesie
853 1295 979 1364 undeet,
998 1298 1028 1352 in
1042 1311 1100 1367 qua
1112 1297 1275 1354 staturum
1287 1295 1434 1367 baptisma
1447 1295 1478 1352 ct

347 1395 487 1453 sanctitas
500 1394 530 1451 et
548 1392 655 1450 cetere.
671 1394 744 1448 Nam
762 1406 827 1463 quae
847 1391 917 1449 loris
930 1391 1106 1450 exercentur
1119 1393 1231 1450 nullum
1244 1393 1352 1450 hebent
1370 1391 1478 1448 salutis

381 1679 512 1736 Novatus
525 1693 543 1735 a
555 1676 742 1748 Thamugade
755 1675 829 1734 dixit
844 1698 850 1733 ε
926 1677 1091 1735 Secundum
1101 1677 1299 1736 testimonium
1310 1677 1478 1748 Scriptura-

345 1796 412 1837 rum
431 1779 461 1836 et
479 1778 638 1836 secundum
656 1777 808 1834 decretum
826 1777 1005 1849 collegarum
1025 1778 1192 1835 nostrorum
1206 1778 1397 1835 sanctissimae
1416 1793 1477 1833 me·

345 1879 446 1935 moriae
468 1877 602 1933 virorum
622 1890 722 1931 omnes
744 1873 945 1932 schismaticos
967 1875 997 1931 et
1019 1874 1173 1932 haereticos
1192 1877 1241 1946 qui
1261 1876 1297 1931 ad
1319 1875 1476 1931 ecclesiam

346 1975 479 2034 conversi
498 1976 566 2033 sunt
584 1974 724 2046 baptizari
738 1970 874 2041 [debere]‚
894 1973 945 2030 sed
958 1972 990 2030 et
1007 1987 1058 2030 eos
1076 1974 1126 2043 qui
1145 1973 1270 2030 ordinati
1286 1972 1474 2040 videbantur,

345 2074 423 2132 inter
435 2075 525 2130 laicos
537 2073 637 2144 recipi.

382 2171 570 2227 Nemesianus
580 2169 755 2227 a‘lhubunis
768 2169 859 2225 dixit:
872 2169 1020 2240 Baptisma
1030 2170 1106 2241 quod
1119 2170 1190 2228 dant
1202 2169 1331 2226 heretici
1342 2169 1372 2226 et
1382 2169 1476 2226 schis-

345 2273 445 2330 matici
458 2288 515 2329 non
528 2287 592 2329 csse
604 2287 708 2329 verum
725 2272 831 2343 ubique
843 2272 873 2328 in
886 2273 1044 2344 scripturis
1061 2273 1170 2330 sanctis
1186 2273 1365 2330 declaratum
1378 2273 1473 2330 est...

344 2371 441 2447 [Joan.
456 2369 510 2437 nil.
525 2374 624 2442 Neque
641 2371 718 2428 enim
735 2371 859 2441 Spiritus
872 2372 934 2428 sine
946 2385 1023 2442 aqua
1034 2373 1151 2442 operari
1165 2370 1270 2442 potest,
1286 2385 1379 2440 neque
1397 2386 1477 2442 aqua

344 2473 406 2528 sine
424 2470 542 2541 Spiritu.
558 2470 634 2526 Male
647 2484 716 2540 ergo
730 2469 784 2525 sibi
797 2469 914 2539 quidam
931 2469 1162 2540 interpretantur
1174 2469 1207 2526 ut
1219 2467 1317 2526 dicant
1330 2468 1408 2538 quod
1423 2483 1476 2538 per

343 2581 447 2624 manus
465 2566 679 2637 impositionem
699 2566 838 2637 Spiritum
858 2567 996 2624 Sanctum
1015 2568 1159 2639 accipiant
1176 2567 1262 2624 etsie
1280 2567 1474 2636 recipiantur,

343 2680 410 2721 cum
420 2665 605 2721 manifestum
619 2664 656 2722 sit
669 2665 793 2735 utroque
807 2666 989 2723 sacramento
1002 2667 1107 2722 debere
1117 2681 1167 2722 eos
1176 2665 1289 2721 renasci
1303 2665 1332 2720 in
1345 2665 1475 2722 eeclesia

296 2775 297 2780 ¹
342 2762 542 2819 catholica.....
556 2763 637 2827 [Gal.
646 2778 674 2819 r.
690 2762 779 2827 19-21]
794 2762 970 2820 condemnat
983 2763 1081 2834 itaque
1094 2763 1242 2835 apostolus
1255 2777 1322 2818 cum
1334 2764 1474 2819 omnibus

342 2860 426 2916 melis
440 2860 469 2917 et
481 2873 530 2916 eos
541 2861 590 2930 qui
600 2859 770 2916 divisionem
783 2861 902 2927 iaciunt,
917 2860 973 2916 hoc
985 2861 1030 2917 est
1045 2859 1245 2916 schismaticos
1259 2859 1289 2914 et
1302 2857 1472 2914 hereticos

342 2959 403 3014 Nisi
416 2973 486 3029 ergo
499 2959 664 3030 acceperint
682 2959 826 3029 baptisma
842 2959 970 3014 salutare
984 2959 1012 3014 in
1027 2959 1151 3015 ecclesia
1163 2957 1317 3025 catholiea,
1332 2971 1400 3026 quae
1413 2971 1475 3012 una

342 3055 396 3122 est,
421 3056 495 3112 salvi
516 3071 657 3114 essenon
679 3056 809 3128 possunt,
830 3057 881 3114 sed
900 3072 967 3113 oum
986 3058 1152 3114 emradius
1174 3056 1334 3127 injudicio
1357 3055 1474 3111 Domini

344 3151 449 3208 christi
464 3151 690 3211 damnabuntur.

376 3251 534 3306 lanuarius
555 3265 574 3306 a
597 3252 735 3309 Lambese
758 3253 832 3309 dixit
853 3272 859 3309 :
880 3254 1044 3311 Secundum
1064 3253 1283 3324 scripturarum
1302 3252 1474 3310 sanctarum
1576 3263 1577 3318 l

342 3347 549 3404 auctoritatem
559 3347 684 3406 decerno
696 3349 850 3408 haereticos
860 3367 960 3409 omnes
969 3351 1165 3423 baptizandos,
1180 3352 1211 3408 et
1224 3351 1305 3408 sicin
1318 3349 1474 3408 ecclesiam
1576 3327 1577 3380 ἦ

342 3445 474 3502 sanctam
486 3445 690 3504 admittendos.

378 3634 517 3688 crescens
538 3632 648 3688 acirta
666 3631 740 3689 dixit
755 3652 763 3690 .·
778 3637 809 3689 lu
822 3632 904 3689 tanto
918 3632 997 3689 coetu
1011 3630 1263 3688 sanctissimorum
1282 3629 1474 3685 consacerdo-
1576 3655 1577 3662 .

341 3729 405 3787 tum
418 3730 502 3786 lectis
520 3729 627 3788 litteris
641 3733 776 3803 Cypriani
789 3731 968 3788 dilectissimi
988 3730 1082 3787 nostri
1094 3729 1130 3784 ad
1143 3731 1158 3784 J
1161 3729 1327 3794 ubsianum,
1343 3728 1473 3799 itemque
1576 3711 1577 3760 l

341 3830 379 3886 ad
401 3828 590 3898 Stephanum,
605 3844 670 3899 quae
681 3830 796 3886 tentum
818 3830 848 3886 in
867 3845 898 3886 se
911 3829 1079 3886 sanctorum
1100 3828 1336 3885 testimoniorum
1355 3826 1474 3884 descen·

341 3927 473 3984 dentium
494 3943 532 3984 ex
554 3929 711 4000 scripturis
736 3929 846 3985 deificis
868 3927 1017 3985 continent
1039 3927 1072 3983 ut
1094 3925 1198 3982 merito
1224 3940 1324 3982 omnes
1346 3939 1399 3996 per
1422 3928 1472 3982 liei

340 4025 466 4096 gratiam
491 4024 611 4080 adunati
637 4025 799 4082 consentire
825 4026 990 4092 debeamus,
1015 4039 1118 4081 censeo
1141 4037 1242 4080 omnes
1265 4023 1420 4081 haereticos
1443 4027 1473 4080 et

340 4125 541 4182 schismaticos
558 4126 607 4195 qui
624 4126 661 4181 ad
680 4127 854 4183 catholicam
870 4127 1024 4183 ecclesiam
1043 4123 1193 4180 voluerint
1212 4124 1313 4180 venire
1331 4139 1390 4179 non
1403 4123 1472 4180 ante

340 4223 453 4294 ingredi
466 4223 521 4278 nisi
535 4223 690 4279 exorcizati
704 4225 734 4280 et
747 4224 882 4294 baptizati
895 4224 976 4294 prius
995 4222 1114 4288 inerint,
1129 4221 1258 4290 exceptis
1272 4219 1317 4276 his
1334 4235 1403 4276 sane
1421 4221 1470 4290 qni

339 4323 370 4377 in
389 4321 513 4377 ecclesia
531 4321 674 4378 catholica
693 4321 801 4378 inerint
812 4322 880 4378 ente
900 4321 1046 4392 baptizoti,
1066 4320 1110 4376 ita
1127 4319 1225 4375 tamen
1245 4318 1278 4374 ut
1297 4332 1350 4389 per
1366 4333 1470 4375 manus

340 4417 552 4488 impositionem
562 4417 592 4474 in
604 4417 805 4489 poenitentiam
818 4420 949 4477 ecclesiae
961 4416 1195 4476 reconcilientur.
