3154 5134
348 428 405 486 506
643 439 715 486 mss.
737 441 785 486 vir.
811 441 847 486 nu
868 439 1047 487 cunouoruu
1069 441 1117 486 aa.
1141 439 1185 485 rr.

350 604 599 708 praecedentia
618 605 743 682 -verba
772 604 1032 707 inspiciantur)
1067 628 1143 681 non
1171 603 1391 693 immediate,
1419 601 1473 678 sed

352 741 549 831 secundus,
578 741 699 818 idest
724 740 945 844 interposito
976 741 1086 830 Lino,
1117 741 1233 818 Petro
1258 737 1472 815 successisse.

350 877 450 953 Nam
470 898 603 952 revera
626 876 733 952 hunc
744 875 913 953 ordinem
930 875 1087 952 tradunt
1108 873 1315 974 Catalogus
1332 869 1476 950 Liberis

351 1036 437 1099 nus,
464 1009 627 1112 Optatus
652 1013 688 1086 et
711 1010 947 1110 Augustinus
966 1011 1018 1108 (ι),
1037 1013 1081 1086 ut
1099 1007 1241 1084 scilicet
1253 1005 1476 1083 immediatus

350 1170 417 1222 seu
439 1144 583 1247 primus
608 1144 714 1222 Petri
739 1169 931 1222 successor
951 1143 1084 1232 Linus,
1104 1142 1289 1220 sccundus
1308 1140 1475 1226 Clemens,

349 1280 483 1358 tertius
513 1279 718 1389 dnacletus
748 1305 814 1356 seu
841 1278 970 1358 Cletus
1001 1279 1229 1355 statuantur.
1263 1275 1340 1352 Alii
1366 1277 1478 1351 autem
1550 1315 1551 1320 Ν

350 1417 496 1518 antiqui
526 1415 689 1517 catalogi
717 1440 845 1493 omues
869 1415 964 1492 Lino
995 1411 1144 1492 Cletum
1168 1437 1235 1488 seu
1258 1410 1476 1521 dnacletum,
1550 1455 1551 1518 3

327 1551 440 1627 ‘huic
466 1551 698 1630 Clementem
727 1550 949 1627 successisse
979 1548 1160 1625 indicant.
1191 1546 1337 1635 Quibus
1359 1541 1478 1621 suffra·

351 1693 465 1789 gatur
488 1692 526 1765 et
549 1687 681 1765 Canon
710 1685 855 1774 Missae,
887 1683 1010 1785 qualis
1035 1685 1117 1784 Jam
1140 1681 1282 1783 legitur
1303 1683 1342 1758 in
1363 1680 1479 1758 Sacra·

352 1824 547 1903 mentariis
571 1822 773 1901 Gelasiano
797 1825 835 1921 (a)
859 1825 896 1899 et
921 1810 1154 1922 Gregoriano
1179 1822 1231 1919 (a),
1255 1819 1320 1896 ubi
1343 1815 1479 1894 nomina
1550 1827 1551 1918 t

250 2005 252 2012 ,
350 1960 560 2062 primorum
582 1957 812 2036 Pontificum
835 1957 1043 2034 recitantur
1063 1955 1134 2032 hoc
1155 1953 1287 2031 ordine
1314 1984 1321 2030 :
1348 1989 1362 2018 a
1388 1949 1476 2034 Lini,
1550 2019 1551 2074 ἰ

351 2092 462 2182 Cleti,
483 2090 698 2171 Clementis.
723 2128 739 2158 a
1550 2141 1551 2198 p

1550 2205 1551 2258 t

402 2265 437 2350 7.
461 2269 589 2345 Variae
614 2267 700 2343 inde
729 2271 869 2344 exortae
899 2271 987 2344 sunt
1009 2265 1262 2343 recentiorum
1287 2263 1475 2367 opiniones.

351 2403 516 2493 Quidam
545 2403 644 2480 enim
673 2401 889 2479 testimonia
918 2401 1175 2503 catalogorum
1209 2404 1377 2478 veterum
1403 2415 1478 2472 cum

350 2539 574 2618 Tertulliani
605 2543 642 2616 et
671 2537 833 2615 aliorum
863 2539 1087 2615 Latinorum
1120 2537 1345 2614 auctoritate
1371 2529 1487 2624 concis

347 2675 443 2752 liare
464 2674 646 2764 volentes
678 2679 894 2777 supponunt
917 2699 992 2751 non
1015 2674 1137 2751 solum
1160 2672 1400 2758 Clementem,
1424 2663 1478 2740 sed

348 2811 386 2884 et
415 2806 555 2884 Linum
579 2812 617 2886 ct
642 2807 792 2886 Cletum
817 2833 842 2885 a
871 2809 985 2885 Petro
1012 2807 1202 2885 ordinatos
1225 2807 1341 2884 fuisse
1359 2805 1478 2881 Rome

349 2941 554 3044 episcopos
586 2966 663 3019 non
693 2942 842 3043 quidem
872 2921 1067 3044 tamquam
1096 2965 1343 3030 successores,
1365 2934 1422 3014 sed
1443 2931 1479 3006 ul

347 3074 581 3176 coadjutores
615 3076 696 3177 ejus
726 3080 851 3153 essent
879 3102 946 3153 seu
980 3077 1060 3179 ipso
1093 3077 1246 3153 absente
1281 3053 1478 3153 Romanam

347 3207 543 3284 ecclesiam
559 3208 880 3298 administrarent.
897 3211 1053 3288 Addunt
1070 3209 1189 3311 aliqui
1206 3209 1346 3286 Linum
1362 3210 1397 3284 et
1409 3200 1478 3281 Cle
1550 3279 1551 3314 .

346 3348 428 3421 tum
454 3344 570 3422 Petro
592 3344 716 3422 adhuc
738 3344 835 3421 inter
860 3345 968 3422 vivos
991 3349 1125 3446 agente
1150 3348 1319 3421 mortuos
1348 3361 1422 3419 esse
1447 3335 1478 3408 el

347 3478 578 3557 Clementem
594 3479 717 3557 solum
734 3480 974 3582 superstitem
992 3479 1215 3557 successisse
1232 3479 1359 3556 Petro.
1380 3473 1477 3551 Hanc

344 3614 557 3717 opinionem
569 3616 652 3716 jam
668 3615 837 3692 indicant
855 3614 1091 3720 Epiphanius
1109 3619 1146 3692 et
1164 3614 1329 3695 Rufinus
1344 3612 1391 3711 (a).
1410 3596 1474 3682 Alii

376 3897 406 3962 (1)
415 3895 539 3961 Append.
550 3909 632 3961 pagg.
641 3889 692 3962 90,
700 3890 748 3947 92.
756 3925 788 3933 -
797 3897 902 3957 Quibus
934 3895 1075 3948 inducitur
1087 3897 1187 3949 Petrus
1202 3897 1241 3948 ita
1251 3895 1393 3961 inquiens:
1407 3886 1474 3937 uR0·

342 3985 455 4050 adjungi
470 3985 561 4048 potest
572 3983 650 4035 locus
671 3983 785 4036 Constit.
806 3984 900 4048 apost.
937 3973 1109 4038 omanorum
1120 3986 1243 4038 ecclesiae
1254 3987 1361 4052 primus
1378 3977 1473 4046 quidem

342 4071 674 4138 cit·rau10insran0t.4.
935 4098 946 4118 a
960 4077 1048 4127 Linus
1063 4077 1184 4128 Claudiae
1201 4077 1284 4140 illius,
1298 4092 1316 4129 a
1331 4072 1413 4128 Paulo
1418 4083 1425 4134 ;
1441 4075 1473 4113 ⁵⁹·
1550 4107 1551 4138 ,

373 4161 403 4228 (²)
412 4162 445 4244 P·
458 4161 490 4212 L·
503 4162 523 4212 l·
537 4161 659 4214 LXXIV·
674 4178 700 4229 P·
716 4166 787 4216 1196.
934 4187 945 4208 e
959 4167 1065 4218 curdus
1075 4167 1243 4219 autemama
1255 4168 1338 4220 Petro
1348 4164 1472 4232 postmor·
1550 4169 1551 4224 1

374 4253 404 4316 (³)
415 4251 447 4301 P·
458 4251 490 4301 L·
502 4252 521 4301 t·
535 4250 723 4320 LXXVIII-p.
737 4256 778 4306 26.
934 4277 946 4298 υ
960 4259 1016 4308 tem
1033 4256 1097 4308 Lini
1112 4257 1257 4309 ordinatus
1274 4259 1325 4310 fuit
1336 4257 1471 4310 clemens*
1550 4283 1551 4312 ,

373 4347 535 4414 (suppono.
548 4362 630 4414 pagg.
641 4343 690 4416 ao,
701 4343 899 4403 aa-utrere
932 4351 975 4416 (r.
988 4353 1020 4404 o.
1037 4353 1056 4404 t.
1070 4353 1092 4405 1.
1106 4369 1133 4418 p.
1148 4355 1230 4416 1051).
1550 4313 1551 4400 l

290 4481 293 4487 .
339 4439 469 4492 similiter
489 4435 601 4489 Condit.
613 4437 707 4500 apost.
720 4438 781 4490 Vll.
795 4441 840 4505 463
853 4441 900 4491 ubi
