3208 5150
361 403 400 462 80
561 417 632 467 nise.
655 424 684 468 ΙΙ.
708 423 744 469 na
764 422 901 470 couiuov.
924 423 1003 470 cinci
1025 423 1176 471 catenali.
1200 424 1299 472 rescit.

361 596 451 674 libet
472 604 610 706 sectam
631 603 846 680 auctoritati
872 602 1036 680 eeclesiae
1058 604 1302 706 pertinaciter
1322 605 1502 681 obsisten-

360 735 435 808 tem
453 733 641 834 significat
657 741 667 836 (
684 741 707 836 l.

412 929 448 1012 3.
475 933 515 1010 Si
549 935 727 1037 objiciant
760 943 799 1014 2⁰
829 939 1068 1040 Polycratem
1098 941 1137 1016 in
1167 967 1238 1018 sua
1269 941 1430 1044 epistola
1458 942 1503 1018 ad
1580 1021 1581 1024 ,

360 1067 611 1170 Evangelium
628 1075 671 1148 ut
687 1079 863 1168 reperiam
880 1075 969 1164 nuez·
986 1073 1086 1149 etad
1099 1075 1164 1174 jus
1182 1073 1353 1149 divinum
1372 1098 1503 1175 provo·

360 1226 446 1280 aare
467 1232 474 1278 :
496 1203 546 1282 R.
574 1204 634 1279 Ex
651 1202 721 1280 hoo
744 1229 871 1282 errore
888 1231 961 1283 non
979 1206 1118 1283 mutari
1136 1210 1312 1283 naturam
1331 1206 1502 1308 quaestio-

360 1336 418 1412 uis
437 1339 487 1435 (a).

410 1535 450 1618 4.
476 1555 528 1618 11.
557 1538 665 1626 Quod
689 1543 816 1615 autem
840 1544 983 1641 spectat
1006 1540 1052 1616 ud
1077 1539 1337 1616 auctoritatem
1362 1541 1523 1641 prima·-

359 1672 487 1750 tialem
518 1673 567 1752 a.
598 1674 643 1750 P.
674 1673 713 1748 in
743 1673 959 1749 universam
990 1672 1196 1762 ecelesiam,
1223 1695 1305 1748 eam
1335 1673 1501 1748 nondum
1580 1711 1581 1714 ¹

358 1806 562 1883 obtinuisse
584 1807 654 1884 hoo
676 1813 855 1910 tempore,
880 1833 925 1884 ex
947 1809 1126 1911 praediota
1147 1809 1402 1902 controversia
1424 1833 1499 1909 ina·

360 1927 538 2021 nifestum
556 1946 636 2021 fieri
655 1945 762 2022 aiunt
781 1947 979 2037 lllosnnnn,
1000 1949 1058 2024 Da
1076 1950 1237 2025 Porsen
1254 1951 1290 2024 et
1307 1947 1385 2024 alii.
1409 1947 1499 2034 Qui·
1580 2053 1581 2058 Ἰ

358 2080 427 2156 bus
458 2085 583 2157 tamen
613 2079 723 2157 facile
749 2081 798 2160 R.
829 2081 909 2158 lmo
939 2108 984 2159 ex
1014 2083 1085 2160 hae
1115 2082 1273 2159 historia
1301 2079 1501 2182 multiplex

359 2215 502 2290 desumi
528 2240 635 2317 posse
656 2220 919 2316 argumentum
940 2217 987 2294 ad
1009 2217 1238 2318 probandam
1259 2215 1499 2293 traditionem
1580 2255 1581 2318 p

358 2347 403 2422 de
423 2347 472 2425 ii.
495 2349 540 2424 P.
562 2349 739 2450 primatu.
762 2350 910 2426 Etenim

409 2525 443 2594 lo
461 2519 548 2621 Ipsa
566 2521 662 2596 ratio
680 2521 813 2620 agendi
828 2521 990 2597 Victoris
1004 2523 1068 2624 qui
1086 2522 1184 2598 liano
1201 2521 1499 2599 controversiam

350 2655 575 2756 jamdudum
604 2655 786 2756 agitatam
811 2655 985 2732 dirimere
1009 2680 1228 2757 eggressus,
1255 2654 1294 2729 in
1318 2653 1518 2766 universo·

354 2789 442 2865 orbe
481 2788 696 2866 Christiano
735 2789 892 2867 concilia
929 2791 1185 2892 opiscoporum
1224 2787 1424 2864 convocari
1463 2793 1499 2862 et

355 2925 522 3025 ipsorum
546 2925 747 3001 sententias
771 2925 816 3001 ad
842 2949 881 3000 se
903 2924 1001 3003 mitti
1020 2926 1134 3027 jussit
1158 2928 1209 3023 (a),
1236 2923 1398 3000 ostendit
1416 2925 1497 3024 J'am
1580 2897 1581 2912 i

365 3317 368 3322 ,
383 3281 412 3344 (1)
423 3281 488 3340 Quae
497 3281 634 3346 posterior
643 3281 832 3345 interpretatio
842 3267 906 3331 eon-¹
937 3283 967 3330 ut
980 3281 1086 3345 putarat
1099 3279 1254 3331 Romanum
1268 3266 1435 3330 Ponlillcem
1454 3293 1495 3329 er-

352 3369 458 3418 iirmori
486 3371 576 3434 potest
604 3383 636 3418 ex
665 3369 827 3429 Erinnauio,
857 3369 904 3431 qui
937 3368 1040 3419 iuvisse
1052 3369 1081 3418 in
1096 3367 1302 3432 interpretando
1316 3369 1381 3430 jure
1394 3367 1497 3418 divino.

353 3455 833 3508 Hermitrludianosoumdudaeis
851 3457 902 3507 Pa·
939 3472 993 3507 non
1016 3470 1203 3521 repugnamus
1226 3456 1334 3519 quidem
1364 3456 1440 3518 quod
1464 3455 1497 3505 ud
1580 3467 1581 3520 j

351 3547 419 3595 aelia
435 3545 574 3596 celebrare
591 3547 683 3608 refert,
697 3546 778 3608 idque
797 3567 808 3588 u
825 3549 856 3597 ut
867 3547 901 3596 ab
935 3547 1038 3596 laetum
1047 3545 1145 3596 attinet
1158 3564 1163 3594 :
1178 3545 1336 3602 ulteriorem
1348 3558 1412 3596 vero
1431 3559 1497 3595 oon-

321 3631 324 3636 ’
353 3635 488 3687 -ecclesia
500 3636 646 3687 dissentire
655 3637 799 3687 rideantur
810 3661 822 3680 η
834 3636 903 3700 (Vid.
939 3636 1091 3687 elusionem
1108 3635 1307 3686 discutiendam
1328 3635 1498 3686 remittimus

351 3721 475 3784 Append.
498 3733 560 3784 pag.
581 3715 636 3783 mr
660 3722 687 3770 et
706 3723 798 3770 tamen
820 3721 901 3785 paulo
934 3720 1062 3771 udlluem
1072 3718 1377 3781 Dissertationisitubi
1398 3723 1499 3784 agetur

350 3809 902 3873 superiusinludiculohaereseonliblll
938 3811 971 3859 de
988 3809 1071 3859 simili
1091 3822 1184 3859 errore
1200 3805 1326 3872 cypriani
1347 3810 1375 3856 et
1393 3805 1495 3856 Firmi-

350 3899 463 3962 praefixo
477 3915 483 3949 :
498 3921 510 3939 a
523 3899 712 3950 Audiauorum
724 3899 831 3963 (inquit)
841 3888 902 3963 pro·
935 3897 1004 3950 ilani
1022 3899 1051 3949 in
1069 3896 1257 3949 controversia
1278 3897 1353 3946 eima
1369 3894 1496 3946 validita—

351 4011 363 4030 s
378 3988 437 4052 pria
446 3988 566 4039 schisma
575 4003 607 4040 ao
617 3989 741 4049 dolestia,
752 4001 807 4040 non
817 3990 902 4040 haere·
936 3993 991 4040 tem
1004 3989 1131 4055 baptismi
1143 3988 1177 4038 ab
1189 3985 1324 4037 haereticis
1341 3984 1449 4036 colluti.

351 4099 363 4120 u
378 4077 416 4125 sis
427 4080 498 4128 est...
513 4091 610 4140 neque,
621 4079 692 4141 quod
705 4079 739 4128 ad
750 4079 831 4130 fidem
841 4080 902 4129 etti·
970 4087 999 4142 (e)
1012 4081 1043 4131 ld
1056 4079 1130 4133 enim
1139 4081 1203 4142 jure
1215 4075 1341 4128 concludi
1359 4079 1497 4141 potestas
1566 4075 1581 4150 J

351 4189 363 4206 υ
378 4169 432 4226 net,
454 4167 489 4217 ab
510 4168 627 4219 ecelesia
644 4169 779 4219 catholiea
796 4169 900 4220 dissen—
935 4169 1054 4234 epistola
1074 4167 1230 4233 Polycratis
1252 4169 1280 4218 et
1306 4179 1340 4218 ex
1368 4163 1497 4217 clausula

350 4257 527 4322 utiuntan.
542 4258 573 4310 G.
587 4261 606 4309 t.
620 4258 707 4311 XLll.
722 4274 748 4324 p.
761 4258 830 4326 335).
935 4258 1061 4324 epistolae
1082 4258 1293 4309 Pelaestiuorum
1322 4269 1366 4318 ap.
1390 4253 1495 4305 Essem.

384 4357 414 4420 te)
424 4356 500 4416 Quod
511 4356 535 4405 si
544 4356 655 4418 instent,
666 4357 763 4408 sallem
773 4357 836 4406 inde
845 4357 901 4408 eol·
935 4357 966 4406 V.
977 4357 1009 4407 25
1021 4353 1153 4418 <Append
1167 4366 1229 4417 pag.
1242 4345 1279 4412 lli·

350 4445 398 4509 ligi
409 4445 581 4510 Polycratem
594 4445 678 4495 luisse
690 4446 717 4495 in
730 4460 761 4496 ea
774 4446 901 4510 opinione
