3208 5150
354 445 410 492 ιιιι.
433 445 474 492 ιιι.
498 445 545 491 ιι.
568 441 675 490 rnuuos
695 441 766 489 ιιοιι.
788 441 877 488 unse.
900 439 1010 489 resurr.
1217 423 1255 485 lt

106 613 221 702 ratio,
247 611 299 687 ab
315 634 353 688 eo
369 610 536 688 adhibita
552 614 754 712 postquam
771 608 817 684 de
841 608 1123 685 Donatistarum
1142 631 1257 684 causa

103 743 315 845 judicavit,
339 769 447 846 quam
469 743 605 846 agendi
631 746 669 819 et
684 743 915 820 discernendi
935 742 1116 820 rationem
1135 744 1256 819 tanto-

108 905 199 980 pere
217 879 352 957 laudat
366 880 602 982 Augustinus
608 941 678 956 .....
703 915 719 946 n

159 1069 200 1152 2.
221 1075 399 1152 Attamen
416 1073 491 1150 viri
508 1072 662 1174 quidam
678 1071 791 1160 docti,
816 1070 915 1148 inter
939 1095 1031 1172 quos
1055 1069 1258 1146 Purusao-

108 1229 225 1284 curus
258 1210 309 1306 (1),
337 1207 507 1284 Paulum
525 1231 613 1283 vere
642 1210 679 1283 et
704 1204 854 1308 proprie
882 1204 1065 1282 Romanae
1091 1204 1257 1284 ecclesiae

106 1343 332 1446 episcopum
359 1342 475 1419 fuisse
503 1345 649 1444 putant.
671 1339 787 1442 quue
816 1339 976 1442 probant
997 1339 1185 1442 praecipue
1211 1366 1257 1417 ex

105 1479 339 1558 testimoniis
366 1477 498 1554 lrenaei
524 1481 582 1576 (a),
614 1477 679 1578 qui
709 1475 857 1554 easdem
882 1475 1033 1552 omnino
1062 1478 1188 1576 partes
1218 1475 1258 1551 in

105 1611 321 1688 condenda·
341 1591 504 1687 ecclesia
529 1609 705 1687 Romana
733 1608 866 1686 tribuit
895 1608 1010 1686 Petro
1044 1611 1081 1684 et
1114 1605 1255 1696 Paulo;

104 1751 227 1848 atque
259 1744 462 1847 Epiphauii
492 1744 557 1845 qui
591 1749 699 1820 Hoer.
732 1749 792 1820 27.
826 1769 863 1820 n.
887 1749 912 1820 6
938 1773 944 1818 :
974 1779 989 1807 ω
1018 1743 1152 1820 Romae
1182 1743 1257 1842 (ait)
1330 1737 1335 1748 ’

108 1918 123 1946 .·.
146 1880 270 1983 primi
295 1879 462 1956 omnium
484 1879 623 1956 Petrus
647 1883 684 1956 et
705 1878 850 1956 Paulus
873 1876 1044 1980 Apostoli
1063 1876 1206 1980 pariter
1223 1881 1260 1953 et

107 2053 123 2082 a
145 2016 320 2118 episcopi
337 2015 502 2092 fuerunt.
527 2051 542 2079 n
566 2013 616 2091 Et
633 2012 744 2116 paulo
762 2012 920 2089 inferius
938 2042 944 2086 :
965 2047 981 2076 α
998 2010 1259 2091 Romanorum

107 2185 123 2212 υ
146 2147 386 2225 Pontificum
417 2147 490 2224 ista
519 2151 576 2225 est
610 2147 793 2224 successio
821 2147 993 2223 :Petrus
1027 2149 1064 2223 et
1096 2144 1256 2234 Paulus,

107 2321 123 2348 κ
145 2283 352 2370 Linus‚....
381 2319 396 2347 a
423 2285 460 2380 (a)
484 2328 531 2337 —
556 2319 571 2347 a
598 2281 647 2359 ut
676 2281 834 2383 nequis
864 2279 1076 2358 offendatur
1093 2282 1130 2378 (ι)
1152 2303 1196 2355 ac
1227 2279 1259 2354 si

105 2421 278 2497 duorum
295 2420 554 2521 episcoporum
574 2419 751 2497 societate
768 2417 933 2494 eeclesiae
952 2416 1077 2493 unitas
1095 2419 1132 2492 et
1150 2419 1259 2492 vetus

103 2555 315 2658 disciplina
331 2554 544 2645 laederctm,
567 2581 651 2658 quoe
669 2581 779 2633 suum
796 2555 931 2656 cuique
943 2553 1109 2630 ecclesiae
1122 2553 1260 2656 episco-

104 2715 199 2792 pum
233 2713 395 2790 cumque
428 2689 660 2790 singularem
691 2689 866 2792 praeficit;
899 2686 1174 2765 observandum
1203 2692 1260 2765 est

104 2823 207 2900 banc
241 2821 413 2924 politiam
444 2823 593 2925 Synodo
619 2825 785 2930 Nioaenae
808 2823 933 2900 deberi
959 2854 966 2900 :
992 2848 1076 2925 quae
1106 2822 1259 2901 Oanone

103 2959 199 3048 lato,
231 2983 281 3034 ne
303 2957 430 3059 plures
454 2961 522 3036 uni
548 2961 715 3038 ecclesiae
744 2966 1051 3064 praeponerentur
1080 2961 1257 3064 episcopi,

104 3097 332 3199 prudenter,
352 3097 399 3173 ad
421 3097 606 3176 tollendas
623 3099 864 3178 dissidiorum
886 3099 1112 3188 occasiones,
1136 3098 1261 3201 prohi-

11 3225 13 3260 ³
103 3231 188 3306 buit
202 3232 259 3328 (5).
276 3227 386 3305 Alius
399 3255 481 3307 mos
498 3232 753 3334 apostolorum
772 3235 1001 3336 temporibus
1016 3234 1180 3334 vigebat,
1196 3233 1260 3334 qui

11 3375 12 3379 '
105 3362 324 3464 majoribus
343 3367 387 3440 et'
401 3363 669 3465 insignioribus
690 3367 907 3444 civitatibus
926 3367 1053 3468 plures
1070 3366 1260 3467 presbpte-

136 3714 167 3777 (ι)
189 3710 226 3762 In
252 3705 362 3760 mete
381 3707 574 3762 caron-uua
597 3711 624 3762 et
643 3711 672 3762 in
705 3725 762 3763 ιιοιι
781 3711 867 3764 ruisse
889 3712 1012 3778 legitime
1035 3711 1164 3776 electum,
1188 3711 1261 3764 iuter

12 3831 13 3836 κ
103 3799 278 3864 Desmsione
289 3803 385 3848 contra
397 3796 519 3850 Ecbibtt.
532 3813 668 3862 errorum,
703 3799 862 3852 Donatistas
875 3805 967 3853 autom
983 3803 1011 3854 et
1029 3801 1185 3854 Catholicos
1201 3803 1258 3868 epi-

11 3901 12 3908 ’
104 3897 175 3957 port.
190 3907 209 3944 1.
224 3893 282 3943 art.
297 3891 321 3940 7.
334 3891 369 3941 ad
381 3891 501 3941 accusat.
515 3893 539 3942 5.
704 3905 803 3956 scopos
839 3893 988 3944 maximum
1022 3893 1144 3944 adfuisse
1178 3894 1259 3945 dissi-

134 3989 167 4053 (ι)
179 3987 214 4038 V.
229 3985 361 4049 Append.
375 3997 437 4049 pag.
447 3979 477 4036 2.
703 3985 812 4036 diorum
835 3985 997 4050 periculum.
1017 3986 1158 4038 Praeterea
1180 3987 1261 4039 facile

135 4078 167 4142 (a)
178 4077 213 4128 P.
226 4075 263 4127 G.
278 4075 299 4124 t.
312 4072 386 4124 XLI.
400 4088 427 4137 p.
440 4075 497 4124 371.
703 4075 811 4126 admitti
839 4076 930 4140 potest
957 4076 1040 4126 etiam
1068 4075 1097 4125 iu
1124 4077 1262 4127 sententia

134 4170 165 4233 (ι)
182 4168 230 4219 lta
246 4164 343 4231 pergit
354 4162 566 4215 Purseuocurus
577 4164 607 4214 in
621 4163 669 4216 Go—
705 4165 1028 4231 Papebrochiicauonem
1037 4165 1180 4216 Ntcoenum
1188 4167 1260 4228 jam·

105 4265 183 4310 natu.
707 4256 809 4307 dudum
821 4257 886 4308 autc
902 4255 983 4306 istam
996 4254 1135 4320 synodum
1146 4268 1260 4307 cousue-

135 4353 166 4416 (ι)
175 4349 221 4402 Ad
237 4345 372 4410 exempla
384 4347 477 4396 autem
491 4345 564 4410 apud
576 4343 673 4399 Pnoun
706 4348 802 4400 tudine
821 4349 996 4400 observatum
1019 4361 1089 4408 esse,
1110 4347 1176 4408 quin
1198 4348 1261 4398 ideo

12 4425 14 4443 '
104 4433 381 4504 catalano-sponderi
391 4435 481 4498 potest
489 4434 670 4487 Novatiauum
704 4437 840 4488 referatur
851 4438 885 4488 ad
896 4438 1021 4501 tempora
1032 4434 1193 4499 apostolica,
