3132 5140
514 1064 747 1148 CAPUT
785 1067 824 1146 I.

168 1300 224 1354 DE
251 1299 294 1352 llS
314 1299 400 1362 QUAE
420 1299 502 1352 EGIT
523 1297 568 1352 ΕΤ
590 1298 724 1354 Passus
745 1302 811 1356 EST
832 1301 1025 1358 culalsrbs
1046 1308 1142 1362 ANTE

379 1420 651 1474 rourlrlcnrum
674 1421 873 1477 ZEPHYRlNl
894 1418 942 1494 ().

124 1855 163 1936 l.
195 1855 349 1931 Horum
371 1851 669 1955 probabilissime
692 1879 766 1930 non
791 1855 863 1932 fuit
885 1857 1114 1961 Hippolytus
1136 1862 1242 1938 testis

69 1995 274 2081 oculatur,
306 2016 422 2093 quum
448 1997 533 2068 acta
558 1991 635 2067 sint
660 1996 748 2067 anto
777 2016 838 2068 an.
866 1979 953 2081 200,
979 2019 1052 2094 quo
1077 2000 1245 2098 tempore

72 2129 336 2234 probabiliter
356 2129 579 2206 versabatur
603 2127 702 2229 apud
725 2130 930 2218 Irenaeum;
951 2133 1150 2230 praterea,
1170 2132 1239 2208 etsi

72 2268 221 2347 Romae
247 2272 337 2343 tunc
362 2265 559 2353 adfuisset,
588 2269 689 2342 certe
718 2291 791 2342 non
816 2265 978 2342 multum
1002 2270 1171 2343 curasset
1197 2291 1241 2343 ea
1301 2256 1304 2261 ¹

73 2429 166 2504 quae
186 2403 397 2502 agebantur
414 2403 461 2478 ab
475 2401 603 2503 aliquo
621 2402 778 2479 obscuro
792 2427 913 2480 servo.
936 2403 993 2479 Ea
1010 2403 1127 2504 igitur
1140 2428 1241 2480 acce-

75 2539 183 2640 pisse
213 2537 421 2613 censendus
445 2543 502 2614 est
527 2562 547 2612 e
569 2537 750 2615 relatione
773 2538 1003 2616 asseclarum
1029 2563 1184 2615 suorum
1202 2543 1240 2615 et

77 2673 180 2748 forte
197 2670 317 2772 ipsius
340 2671 589 2774 Carpophori,
614 2697 727 2774 quem
754 2676 975 2750 sectatorem
1000 2671 1103 2748 illius
1123 2672 1240 2749 fuisse
1340 2713 1341 2716 ¹
1399 2640 1404 2652 .

80 2805 195 2883 facile
208 2829 430 2908 persuasum
444 2807 516 2884 erit
528 2807 779 2885 consideranti
795 2805 993 2910 paululum
1007 2832 1082 2908 qua
1095 2807 1239 2884 ratione

81 2941 126 3016 de
151 2967 197 3017 eo
222 2939 401 3041 loquatur
430 2944 584 3044 ejusque
613 2942 743 3044 culpas
771 2941 993 3020 dissimulet.
1023 2940 1240 3028 -Quibus

83 3077 195 3176 quasi
222 3077 444 3178 praeambuli
468 3077 548 3154 loco
567 3080 719 3168 notatis,
740 3079 780 3155 in
804 3077 1003 3181 Hippolyti
1026 3077 1242 3154 narratione

83 3211 161 3286 tria
178 3210 369 3313 praecipue
386 3213 636 3290 examinanda
654 3218 860 3291 occurrunt
881 3243 888 3288 :
913 3219 945 3288 1.
971 3213 1080 3311 Fuga
1096 3215 1242 3287 tentata

86 3369 110 3418 a
144 3343 305 3422 Callisto
334 3350 419 3447 post
442 3364 527 3423 rem
562 3348 819 3449 argentariam
848 3345 1049 3423 infeliciter
1079 3348 1236 3445 gestam.

83 3489 120 3558 2.
147 3483 314 3560 Facinus
332 3487 412 3585 ejus
430 3486 469 3562 in
488 3512 682 3589 synagoga
699 3488 919 3565 ludaeorum
942 3516 949 3560 :
970 3482 1239 3587 propterquod

86 3614 250 3718 flagellis
268 3642 387 3694 caesus
406 3624 443 3696 et
459 3621 498 3696 in
518 3620 734 3699 Sardiniam
752 3622 968 3722 deportatus
991 3621 1059 3694 est.
1085 3622 1121 3693 3.
1142 3617 1239 3716 Ejus

86 3750 230 3828 reditus
257 3751 421 3831 Romam
447 3760 483 3832 et
506 3757 610 3833 Antii
635 3756 890 3834 commoratio.
1034 3739 1037 3744 ⁵

138 3929 179 4016 2.
206 3954 236 4016 1.
266 3935 398 4022 Quoad
416 3934 596 4037 primum,
616 3935 821 4012 advertisse
851 3929 1015 4010 sufficiat
1047 3957 1054 4001 :
1089 3933 1123 4001 1ο
1155 3925 1240 4001 Non

90 4068 270 4172 improbe,
302 4067 365 4144 sed
401 4068 599 4145 infeliciter
628 4069 883 4171 argentariam
914 4060 1044 4140 fecisse
1079 4056 1240 4133 refertur
1283 4173 1286 4178 Ι

90 4199 286 4277 Callistus

121 4458 153 4520 (1)
177 4453 288 4506 Philus.
316 4451 363 4502 IX.
392 4453 420 4503 12
442 4453 502 4503 init.
529 4436 663 4517 (append.
675 4467 737 4520 pag.
751 4439 1063 4506 doext1·.-48med.l·

1073 4551 1104 4597 111
