3180 5134
362 455 401 516 ts
836 471 954 522 urrann.
976 464 1017 518 n.

363 641 507 700 nientibus
523 655 561 698 ex
577 637 690 697 Galatia
705 638 736 697 et
749 639 849 697 Cilicia
866 641 897 698 et
912 641 1019 699 ceteris
1037 639 1179 712 proximis
1195 640 1372 711 regionibus,
1385 640 1494 698 confir

362 742 506 798 mavimus
523 739 680 796 tenendum
698 740 801 796 contra
820 740 974 799 baereticos
993 736 1118 798 firmiter
1137 740 1167 799 et
1184 740 1401 809 vindicandum,
1422 755 1492 798 cum
1580 755 1581 769 ¹

360 838 562 910 aquibusdam
576 837 612 895 de
623 837 681 894 ista
693 852 726 894 re
739 837 931 896 dubitaretur.

322 1053 336 1087 ’
395 1063 422 1119 9.
444 1086 458 1110 n
478 1060 552 1118 illud
571 1075 685 1132 quoque
703 1060 798 1131 ipsum
817 1059 977 1118 absurdum
995 1058 1072 1132 quod
1091 1073 1149 1115 non
1170 1058 1275 1130 putant
1296 1058 1491 1129 quarendum
1580 1029 1581 1042 ἵ

358 1171 422 1216 esse
434 1158 499 1229 quis
512 1157 551 1215 sit
562 1157 612 1215 ille
624 1158 674 1228 qui
689 1155 889 1228 baptizaverit,
908 1172 943 1214 eo
960 1157 1036 1228 quod
1055 1155 1104 1227 qui
1122 1155 1284 1226 baptizatus
1303 1155 1342 1212 sit
1360 1153 1491 1226 gratiam

357 1255 495 1326 consequi
506 1256 614 1326 poterit
626 1254 761 1312 invocata
775 1253 907 1312 trinitate
923 1254 1072 1311 nominum
1088 1251 1185 1310 Patris
1198 1252 1229 1309 et
1241 1251 1305 1308 Filii
1318 1250 1348 1308 et
1360 1251 1491 1322 Spiritus

357 1351 463 1410 Sancti.
478 1351 584 1410 Deinde
595 1352 659 1410 bac
670 1351 728 1408 erit
740 1350 882 1421 sapientia
894 1365 981 1421 quam
994 1349 1096 1407 scribit
1113 1349 1222 1406 Paulus
1240 1363 1303 1406 esse
1320 1349 1350 1404 in
1368 1347 1416 1404 bis
1437 1347 1490 1418 qui

356 1449 477 1522 perfecti
492 1448 569 1507 eunt.
587 1448 625 1507 at
640 1449 704 1519 quis
720 1447 766 1506 est
782 1448 813 1504 in
828 1448 953 1505 ecclesia
970 1446 1117 1520 perfectus
1129 1449 1160 1504 et
1172 1448 1285 1518 sapiens
1298 1447 1347 1518 qui
1359 1445 1416 1503 boo
1434 1447 1493 1504 ant

356 1547 491 1605 defendat
507 1547 560 1605 ant
580 1545 681 1605 credat
698 1544 775 1617 quod
795 1545 941 1603 invocatio
960 1546 1023 1604 baec
1040 1547 1191 1604 nominum
1209 1547 1288 1604 nuda
1303 1545 1430 1604 sufficiat
1452 1546 1491 1603 ad
1580 1599 1581 1602 ,

355 1646 555 1703 remissionem
566 1644 753 1717 peecatorum
766 1643 796 1700 et
808 1643 944 1714 baptismi
957 1643 1226 1716 sanctificationem,
1244 1659 1312 1701 cum
1330 1643 1395 1700 bac
1413 1643 1489 1702 tuno

355 1743 456 1815 utique
473 1742 628 1815 proficiant
646 1741 760 1812 quando
778 1740 808 1797 et
827 1742 876 1812 qui
895 1741 1022 1812 baptizat
1040 1740 1128 1798 babet
1147 1741 1287 1812 Spiritum
1302 1741 1445 1799 Sanctum
1459 1744 1490 1799 et

354 1841 498 1913 baptisma
513 1853 628 1912 quoque
643 1840 739 1910 ipsum
754 1853 811 1895 non
827 1839 866 1896 sit
882 1840 944 1897 sine
960 1841 1070 1912 Spiritu
1086 1841 1294 1899 constitutumi
1312 1841 1366 1898 Sed
1381 1841 1490 1900 dicunt

353 1955 421 1997 eum
434 1941 484 2010 qui
497 1935 766 2024 quomodocumque
779 1936 850 1992 soris
862 1935 1036 2006 baptizatur,
1052 1939 1149 1995 mente
1162 1939 1192 1994 et
1205 1937 1261 1995 fide
1277 1952 1331 1995 sua
1346 1937 1488 2010 baptismi
1580 1951 1581 1992 3

352 2037 477 2110 gratiam
490 2036 625 2106 consequi
638 2047 733 2105 posse.
747 2034 829 2099 Quod
841 2034 871 2090 et
880 2034 976 2103 ipsum
987 2035 1049 2092 sine
1059 2034 1146 2092 dnbio
1159 2035 1316 2093 ridiculum
1326 2033 1383 2103 est,
1397 2024 1485 2105 qnasi

260 2175 263 2182 -
352 2137 388 2193 de
405 2136 479 2193 ooelo
496 2135 640 2192 adducere
655 2133 690 2188 ad
704 2146 736 2188 se
748 2133 840 2203 possit
852 2134 904 2189 aut
917 2146 1000 2191 mens
1013 2149 1106 2205 prava
1114 2135 1264 2206 justorum
1276 2133 1486 2192 sanctificatio-

352 2247 418 2290 nem
431 2233 483 2290 aut
495 2232 566 2290 tides
578 2230 652 2287 falsa
664 2228 844 2285 credentium
856 2229 1022 2287 veritatem.

390 2359 431 2418 ld.
448 2384 462 2408 n
476 2359 547 2416 Volo
560 2357 658 2414 autem
670 2357 753 2414 vobis
768 2356 798 2413 et
814 2357 849 2412 de
861 2357 986 2414 historia
1001 2373 1067 2430 qua
1080 2359 1156 2430 apud
1170 2373 1223 2416 nos
1238 2357 1316 2417 facta
1331 2359 1377 2417 est
1392 2375 1485 2432 expo-

352 2473 421 2516 nere
440 2457 477 2515 ad
495 2457 552 2513 hoc
569 2457 665 2526 ipsum
683 2454 856 2525 pertinente.
877 2456 951 2512 Ante
966 2455 1071 2527 viginti
1084 2459 1161 2514 enim
1174 2457 1204 2514 et
1216 2457 1289 2514 duos
1302 2458 1363 2514 fere
1376 2472 1483 2526 annos,

350 2554 529 2626 temporibus
551 2551 617 2624 poet
641 2551 839 2609 Alexandrum
864 2553 1118 2622 Imperatorem...
1137 2555 1265 2612 'emersit
1289 2555 1357 2610 istic
1381 2556 1483 2613 subito

350 2653 484 2725 quaedam
501 2650 617 2716 mulier,
635 2663 701 2719 qua
719 2649 749 2704 in
766 2649 891 2706 ecstasin
910 2649 1070 2708 constituta
1082 2651 1243 2723 propheten
1261 2665 1293 2708 se
1313 2650 1482 2721 praeierret,

349 2752 380 2809 et
395 2751 477 2822 quasi
493 2748 598 2806 Sancto
615 2747 724 2818 Spiritu
740 2745 826 2816 plena
843 2746 885 2803 sic
901 2747 1010 2817 ageret.
1031 2747 1074 2804 lta
1089 2749 1189 2805 autem
1204 2748 1408 2820 principalium
1422 2749 1483 2806 daa-

349 2849 513 2906 monierum
529 2844 638 2916 impetu
655 2842 803 2900 serebatur
817 2843 851 2900 ut
866 2859 918 2914 per
935 2845 1055 2915 longum
1071 2845 1187 2916 tempus
1203 2847 1376 2904 aolbcitaret
1388 2847 1419 2904 et
1432 2847 1483 2904 de-

349 2945 458 3017 ciperet
470 2941 693 3008 maternitatem,
707 2941 892 2998 admirabilia
904 2941 1037 3012 quaedam
1050 2943 1080 3000 at
1093 2945 1261 3014 portentosa
1275 2945 1480 3016 perficiens...

349 3041 460 3116 [donec]
476 3056 552 3098 unus
567 3040 603 3097 de
619 3039 818 3098 exorcistis...
833 3040 993 3110 inspiratus
1006 3043 1057 3098 Dei
1070 3042 1165 3113 gratia
1180 3043 1296 3101 fortiter
1312 3045 1433 3114 restitit,
1450 3049 1484 3104 et

348 3157 412 3200 esse
424 3141 507 3197 illum
520 3139 728 3210 nequissimum
741 3139 876 3209 spiritum
886 3141 936 3210 qui
946 3141 1027 3210 prius
1037 3141 1157 3200 sanctus
1169 3143 1326 3215 putabatur
1335 3145 1479 3205 ostendit.

318 3275 321 3280 -
346 3239 439 3309 Atque
451 3237 503 3294 ilia
513 3237 629 3303 mulier,
644 3251 709 3306 quae
721 3237 802 3307 prius
812 3251 864 3307 per
874 3238 1038 3308 praetigias
1048 3240 1078 3297 et
1087 3239 1217 3298 fallacias
1227 3240 1367 3299 damonia
1380 3244 1482 3300 multa
1580 3239 1581 3306 ἶ

345 3337 383 3394 ad
404 3336 601 3407 deceptionem
620 3335 748 3391 fidelium
771 3335 955 3404 moliebatur,
978 3337 1056 3393 inter
1081 3339 1181 3396 cetera
1205 3339 1308 3410 quibus
1331 3338 1480 3410 plurimos

345 3434 508 3507 deceperat,
523 3434 611 3491 etiam
624 3433 680 3489 boc
693 3433 860 3502 frequenter
872 3447 945 3490 ausa
963 3434 1008 3490 est
1026 3433 1061 3491 ut
1080 3437 1111 3492 et
1128 3437 1311 3492 invocatione
1330 3452 1389 3493 non
1408 3453 1482 3496 con·

343 3532 498 3605 temptibili
511 3531 694 3588 sanctificare
709 3545 741 3588 se
757 3544 860 3602 panem
880 3531 910 3588 et
928 3531 1136 3590 eucharistiam
1154 3532 1251 3591 facere
1265 3534 1431 3605 simularet,
1446 3539 1480 3595 et

344 3631 520 3690 sacrificium
541 3631 662 3685 Domino
687 3628 749 3685 eine
774 3617 957 3686 sacramento
982 3630 1077 3687 solitae
1101 3631 1477 3706 pradicationisvofferret,

343 3732 504 3810 baptizaret
524 3745 639 3802 qnoque
660 3730 768 3788 multos
790 3729 899 3788 usitata
920 3731 950 3788 et
971 3732 1103 3803 legitima
1123 3734 1214 3791 verba
1234 3733 1478 3805 interrogationis
1580 3755 1581 3760 ¹

343 3847 499 3905 usurpans,
513 3831 548 3889 ut
560 3830 600 3888 nil
613 3829 780 3902 discrepare
792 3831 829 3888 ab
842 3831 1038 3890 ecclesiastica
1050 3833 1153 3905 regula
1165 3835 1324 3894 videretur.

382 3956 424 4013 11.
444 3979 458 4004 n
475 3952 548 4021 Quid
564 3951 654 4023 igitur
666 3951 702 4008 de
715 3951 803 4022 buius
817 3951 961 4024 baptismo
974 3949 1117 4024 dicemus,
1131 3969 1188 4026 quo
1205 3957 1398 4027 nequissimus
1415 3958 1476 4015 dae·

342 4069 412 4111 mon
427 4067 479 4123 per
494 4051 648 4108 mulierem
663 4049 836 4121 baptizavitl
855 4050 1000 4122 Numquid
1016 4053 1046 4110 et
1061 4051 1116 4110 boc
1133 4053 1295 4124 Stephanus
1311 4055 1341 4112 et
1362 4056 1413 4125 qui
1429 4057 1476 4113 illi
1580 4115 1581 4120 ,

342 4149 528 4211 consentiunt
540 4149 743 4221 comprobant,
757 4149 885 4207 maxime
897 4151 945 4207 eui
958 4165 1010 4208 nec
1023 4153 1187 4223 symbolum
1200 4154 1350 4212 Trinitatis
1362 4169 1417 4212 nec
1430 4157 1475 4214 in·

340 4247 500 4319 terrogatio
517 4246 650 4316 legitima
666 4246 697 4303 et
713 4245 911 4304 ecclesiastica
928 4247 1037 4306 deibiti
1055 4249 1156 4308 Potest
1172 4249 1252 4307 credi
1268 4251 1321 4308 aut
1336 4252 1475 4310 remissio

339 4346 528 4418 peccatorum
549 4345 619 4402 data
637 4345 689 4402 aut
707 4345 819 4402 lavacri
837 4345 977 4403 mlutaris
995 4348 1179 4418 regeneratio
1197 4349 1255 4407 rite
1273 4349 1403 4421 perfecta
1421 4351 1475 4409 ubl

341 4445 449 4514 omnia,
469 4443 604 4514 quamvis
624 4435 661 4500 ad
683 4445 840 4514 imaginem
859 4443 1004 4515 veritatis,
1022 4445 1121 4504 ιιιιιι
1140 4461 1193 4518 per
1210 4448 1372 4506 damonem
1388 4449 1475 4520 gesta
