3154 5134
436 1075 922 1164 APPENDICES.

517 1526 777 1587 erenum
802 1525 846 1584 A.

145 1720 324 1780 onerum
340 1684 440 1769 sous
454 1721 730 1780 oonnoonrions,
744 1719 947 1769 srisoornru
963 1719 1005 1768 or
1023 1719 1203 1772 unnrrsio.

85 1949 308 2004 'testimonla
341 1950 441 2006 trium
469 1952 616 2018 priorum
650 1954 833 2006 seculorum
864 1963 906 2006 ex
939 1949 1074 2015 seriptis
1102 1955 1261 2020 momnis.

136 2179 221 2250 Soc.
240 2177 432 2248 Lcnnusns
447 2189 599 2247 Ronnisus
623 2188 732 2260 Epist.
749 2191 769 2246 i.
786 2187 827 2244 ad
851 2185 1055 2244 corinthios
1078 2203 1164 2261 capp.
1183 2195 1211 2260 5,
1231 2196 1259 2250 6.

91 2295 268 2363 «Propter
294 2291 390 2346 zelum
416 2293 447 2348 et
472 2269 634 2360 invidiam‚'
649 2295 700 2363 qui
721 2291 861 2348 maximoe
880 2291 911 2346 et
931 2289 1106 2360 Justissimae
1129 2298 1263 2356 eoelesiae

90 2391 256 2446 coiumnae
268 2389 366 2454 erunt,
381 2381 617 2458 persecutionem
631 2389 710 2460 possi
723 2389 803 2456 sunt,
819 2387 850 2443 et
867 2388 1014 2443 venerunt
1026 2403 1120 2459 usque
1132 2392 1169 2448 ad
1183 2409 1262 2451 mor-

90 2491 166 2546 tem.
184 2490 345 2543 Ponamus
362 2486 445 2542 nobis
463 2487 532 2542 ante
546 2487 648 2544 ooulos
668 2487 760 2542 bonos
772 2483 938 2556 Apostolos.
954 2485 1080 2554 Propter
1099 2489 1194 2545 zelum
1208 2491 1262 2547 ini·

91 2600 191 2654 quum
212 2580 350 2651 [setrius
367 2581 404 2656 (i)
418 2598 477 2638 non
490 2598 583 2640 unum
600 2583 654 2640 out
667 2584 805 2648 aiterum,
821 2581 872 2638 sed
886 2580 985 2650 plures
999 2581 1115 2639 labores
1128 2587 1261 2656 sustulit,

91 2685 189 2750 atque
204 2681 256 2736 ita
266 2679 445 2749 martyrium
455 2693 561 2750 passus
570 2681 601 2736 in
611 2679 743 2734 debitum
757 2678 861 2748 gioriae
871 2676 969 2732 iocum
980 2676 1123 2737 discessit.
1138 2682 1264 2753 Propter

92 2777 197 2833 zelum
219 2777 257 2831 et
276 2776 387 2832 Paulus
406 2777 557 2847 patientioe
576 2778 733 2848 proemium
750 2773 962 2845 reportandum
983 2775 1169 2834 sustinuit...
1185 2781 1263 2837 Viris

93 2875 163 2929 istis
177 2873 291 2929 sancte
301 2874 394 2928 vitam
405 2873 629 2929 instituentibus
640 2887 748 2942 magna
758 2871 922 2927 electorum
932 2869 1092 2926 multitudo
1102 2879 1263 2946 aggregato

94 2973 153 3038 est,
171 2971 228 3040 qui
254 2969 399 3039 supplicia
414 2972 510 3027 multa
529 2959 561 3027 et
579 2971 730 3027 tormenta
746 2969 867 3041 propter
885 2969 981 3024 zelum
999 2971 1090 3038 passi,
1112 2975 1264 3046 exemplar

94 3067 256 3136 optimum
270 3063 348 3121 inter
361 3081 415 3122 nos
428 3067 605 3123 extiterunt.
623 3092 637 3114 n
651 3067 686 3139 (2)

143 3213 227 3282 See.
247 3207 303 3275 II.
321 3211 355 3275 1.
372 3189 516 3278 ionnrrus
533 3223 751 3278 Anr1ocnnnus
772 3220 881 3291 Epist.
902 3219 942 3276 ud
965 3221 1138 3280 Romanos
1154 3240 1220 3297 cap.
1236 3229 1263 3287 4.

100 3349 113 3370 u
143 3325 285 3381 Obsecro
311 3333 375 3385 vos,
403 3333 439 3374 ne
465 3317 704 3388 intempestivam
731 3317 802 3373 mihi
830 3317 1064 3374 benevolentiam
1089 3321 1263 3382 exhibeatis.

101 3421 200 3478 Sinite
216 3433 271 3474 me
285 3417 417 3472 ferarum
431 3413 530 3470 cibum
550 3427 625 3480 esse,
639 3429 693 3485 per
706 3427 779 3483 quos
798 3417 890 3469 Deum
904 3414 1043 3483 consequi
1057 3415 1127 3473 iioet
1129 3462 1184 3478 .....
1204 3425 1268 3479 Non

98 3521 134 3574 ut
152 3517 273 3573 Petrus
293 3513 323 3568 et
343 3511 454 3567 Paulus
466 3511 552 3567 vobis
570 3511 720 3581 proeoipio.
744 3510 788 3566 illi
808 3509 945 3580 apostoli,
963 3523 1018 3579 ego
1035 3513 1264 3588 condemnatum

98 3615 143 3670 ilii
159 3610 266 3676 liberi,
281 3622 443 3678 egensque
458 3621 537 3663 nuno
550 3621 665 3684 servus.
684 3631 697 3655 n
714 3607 749 3678 (³)

148 3751 191 3815 2.
216 3761 348 3820 Pnrins,
363 3756 404 3810 od
423 3767 514 3822 quem
528 3756 681 3822 provocat
693 3750 844 3807 Eusebius
857 3749 899 3806 H.
920 3747 957 3806 E.
984 3751 1017 3806 ii.
1044 3751 1090 3818 15;
1105 3756 1167 3825 ubi,
1183 3766 1269 3827 post.

100 3875 202 3930 quam
215 3855 383 3912 retulisset
392 3849 500 3906 Marci
508 3853 705 3920 eoanpetium
718 3851 902 3920 repentibus
915 3847 1107 3905 Christianis
1117 3851 1270 3914 Romanis

132 4119 160 4174 ti)
172 4115 204 4161 in
217 4110 298 4158 unico
308 4105 394 4154 codice
406 4115 490 4162 graeoo
500 4103 567 4150 unde
579 4103 678 4160 vuigoni
707 4101 803 4147 ultimos
813 4101 904 4147 littoreo
916 4093 967 4164 (ος)
981 4101 1091 4148 nominis
1101 4103 1189 4155 Petri:
1203 4109 1270 4167 quod

105 4199 190 4256 potuit
200 4192 323 4252 Epistola
334 4189 390 4235 boso
403 4188 463 4244 (cir.
473 4185 593 4244 Herses,
605 4183 675 4230 Pro·
705 4187 791 4229 temen
808 4183 941 4240 tegendum
962 4195 1019 4231 esse
1038 4186 1122 4232 nulius
1144 4191 1270 4239 editorum

104 4283 151 4333 teo.
163 4303 194 4311 -
203 4279 236 4323 P.
248 4274 281 4321 G.
295 4273 314 4318 t.
328 4270 348 4316 1.
361 4269 517 4326 p.187)‚non
530 4276 618 4323 paucos
630 4265 674 4310 ‹ie-
703 4263 836 4310 dubitavit.

106 4359 258 4406 siderentur
280 4361 358 4398 voces
380 4351 424 4394 eut
441 4347 533 4392 iiiteroe
550 4347 674 4391 vetustate
732 4345 760 4398 (i)
771 4343 800 4389 P.
815 4343 849 4389 G.
859 4345 879 4388 t.
890 4343 910 4388 i.
924 4353 947 4399 p.
966 4347 1016 4390 218.

107 4451 198 4486 exesse.
210 4431 375 4484 iiobooiooo
384 4429 607 4486 legunturisntnm
620 4425 677 4470 duos
735 4427 763 4478 (o)
775 4423 803 4468 P.
816 4423 845 4469 G.
859 4427 877 4467 t.
890 4423 919 4468 V.
935 4434 959 4478 p.
972 4427 1022 4468 oso.

1168 4527 1179 4572 i
1246 4565 1249 4571 .
