3154 5134
284 431 343 490 514
589 442 659 487 mss.
683 442 731 487 ur.
756 443 792 488 ou
813 443 990 491 carosomi
1012 447 1059 492 aa.
1083 447 1127 491 rr.

283 609 448 698 illorum,
481 607 545 685 sed
579 606 738 685 subinde
768 609 1027 688 translationis
1058 611 1222 714 alicujus
1253 613 1435 692 solemnis

283 770 413 823 eorum
437 768 648 846 corporum.
674 743 868 821 Praeterea
890 745 930 820 in
953 745 1058 823 nullo
1088 746 1313 824 documento
1336 749 1436 824 anti-

282 904 369 981 quo,
388 882 640 981 praeterquam
656 877 697 952 in
714 877 829 954 Libro
847 878 1078 968 Pontifieaii‚
1094 881 1155 955 oui
1175 881 1213 956 in
1231 880 1304 957 bao
1318 905 1360 956 re
1378 884 1435 978 (ut

281 1040 327 1092 ex
345 1015 474 1118 paucis
499 1012 576 1089 illis
602 1011 711 1088 istius
737 1013 884 1113 generis
910 1037 995 1115 queo
1017 1039 1087 1117 ope
1111 1013 1274 1091 aliorum
1300 1039 1434 1092 monu-

280 1151 492 1226 mentorum
525 1147 663 1224 eertius
696 1147 895 1248 comperiri
929 1153 1105 1250 possunt,
1142 1150 1234 1226 satis
1268 1155 1431 1248 constat)

281 1284 485 1389 probabilis
509 1283 600 1360 fides
625 1283 754 1361 haberi
777 1309 851 1360 non
875 1289 997 1386 potest
1018 1288 1070 1383 (1),
1090 1286 1322 1386 consignatae
1339 1292 1433 1365 sunt

281 1420 497 1497 donationes
511 1419 751 1496 vacationum
765 1443 831 1496 seu
845 1419 1152 1499 interstitiorum:
1166 1423 1264 1500 unde
1277 1423 1428 1501 etiamsi

280 1559 411 1634 notum
439 1560 537 1632 esset
565 1579 729 1657 quonam
755 1578 882 1631 mense
912 1558 949 1631 et
977 1556 1037 1632 die
1063 1556 1203 1657 singuli
1229 1557 1429 1658 pontifices

279 1690 452 1779 obierint,
476 1715 551 1768 non
574 1693 700 1766 tamen
721 1689 837 1766 statui
861 1682 986 1796 nosset
1008 1715 1172 1791 quonam
1189 1691 1278 1769 item
1298 1717 1429 1769 mense

278 1831 315 1905 et
330 1828 391 1904 die
411 1825 662 1930 pontificalem
685 1826 906 1928 dignitatem
930 1827 1171 1908 obtinuerint.
1193 1832 1325 1932 Itaque
1343 1831 1428 1909 baee

279 1965 421 2042 ineerta
441 1963 686 2064 relinquenda
710 1968 810 2074 sunt.
830 1966 954 2066 Atque
979 1967 1038 2062 (ne
1054 1965 1192 2043 iterum
1209 1967 1248 2043 id
1266 1967 1428 2045 inferius

279 2097 520 2200 repetendum
544 2097 603 2196 sit)
624 2097 753 2174 eodem
777 2097 875 2176 ratio
896 2097 1022 2175 locum
1043 2099 1157 2176 babet
1177 2100 1300 2202 quoad
1323 2101 1427 2178 Pon-

277 2235 395 2313 tifices
422 2233 536 2310 seculi
563 2233 613 2310 ΙΙΙ
627 2237 665 2310 et
690 2232 823 2310 saltem
845 2234 980 2336 primae
1005 2234 1124 2336 partis
1149 2235 1265 2312 seculi
1285 2235 1359 2324 ΙΙΙ,
1380 2235 1429 2314 de

278 2375 411 2478 quibus
429 2373 597 2477 sequenti
615 2374 736 2476 eapite
753 2373 941 2476 agendum
959 2378 1026 2452 est.

309 2729 339 2795 (1)
348 2725 447 2782 Utrum
456 2729 537 2794 eulpa
546 2726 690 2792 scriptoris
696 2739 732 2777 an
740 2725 928 2790 librariorum,
941 2739 997 2777 non
1009 2725 1103 2789 liquet.
