3154 5134
326 475 384 534 510
630 490 702 536 mss.
725 491 774 536 vn.
798 491 833 536 nn
854 489 1031 538 cnnonomrn
1053 491 1100 536 nn.
1117 489 1168 534 vn.

324 655 371 730 ab
396 653 549 732 exordio
578 654 857 756 persecutionis,
875 655 1102 734 Neronianae
1131 680 1250 758 usque
1280 657 1329 732 ad
1361 657 1472 732 finem

324 783 592 888 persecutionis
614 789 821 866 Domitiani
839 791 940 892 passi
965 793 1065 880 sunt,
1086 789 1283 892 complecti
1306 791 1367 867 his
1392 813 1472 864 ver-

325 921 382 1025 bis
412 953 419 997 :
449 959 464 988 u
492 923 596 1000 Viris
628 923 710 1002 istis
732 930 860 1003 sancte
884 925 1003 1002 vitam
1029 924 1309 1002 instituentibus
1336 947 1474 1024 magna

329 1055 794 1140 »electorummultitudc
818 1062 1025 1161 aggregata
1049 1063 1117 1148 est,
1141 1059 1205 1161 qui
1230 1058 1371 1135 multas
1390 1083 1472 1134 oon·

329 1191 541 1269 »tumelias
574 1193 767 1295 multaque
796 1197 981 1270 tormenta
1014 1195 1166 1295 propter
1195 1191 1473 1270 aemulationem

329 1361 345 1390 n
367 1326 482 1427 passi,
502 1329 693 1430 exemplar
711 1329 894 1430 optimum
915 1329 1097 1405 internos
1117 1327 1336 1405 extiterunt.
1361 1363 1378 1392 n
1403 1327 1473 1402 Ne·

325 1443 397 1560 que
421 1492 453 1540 e.
483 1460 562 1538 ulla
587 1467 743 1565 apparet
772 1463 972 1565 peculiaris
1002 1463 1113 1552 ratio,
1145 1486 1213 1539 eur
1243 1461 1473 1540 Clementem
1560 1531 1561 1548 Ν

298 1599 365 1675 -in
400 1599 624 1702 quibusdam
658 1602 878 1704 singulatim
913 1602 1147 1680 recensendis
1181 1600 1378 1678 immorari
1413 1623 1471 1675 ne·

326 1761 428 1814 cesse
448 1744 541 1818 erat.
563 1787 610 1798 -
628 1741 765 1820 Restat
788 1743 913 1844 itaque
935 1745 1199 1843 argumentum
1216 1765 1261 1816 ex
1284 1738 1472 1816 mentione
1560 1705 1561 1724 ἵ

325 1868 450 1948 cultus
480 1879 517 1950 et
545 1869 755 1975 praesertim
778 1875 908 1979 templi
937 1875 1271 1978 Hierosolymitani
1297 1874 1468 1976 petitum.

325 2007 383 2083 Ad
408 2009 506 2109 quod
525 2012 722 2114 respondet
740 2012 984 2091 Oornumuus
1002 2015 1039 2112 (1)
1062 2043 1068 2087 :
1094 2047 1109 2076 a
1132 2011 1276 2099 Quid...
1300 2009 1373 2087 sibi
1391 2009 1471 2086 vult

263 2111 270 2136 Ι
324 2149 516 2242 sacrificiu
540 2175 618 2227 non
642 2154 686 2228 in
707 2155 815 2229 omni
843 2159 931 2240 loco,
956 2157 1022 2228 sed
1041 2153 1291 2246 Jerosorymis
1314 2163 1468 2228 tontum

325 2288 557 2378 offeruntur,
585 2286 656 2362 nisi
681 2286 774 2364 illud
803 2317 810 2362 :
839 2287 897 2363 Ex
922 2287 1141 2389 praescripto
1164 2285 1259 2388 legis
1285 2285 1470 2362 sacrificia

324 2416 570 2520 ierosolymis
600 2433 755 2500 tontum
784 2429 1024 2520 offeruntur?
1049 2421 1163 2510 ¹Quod
1193 2423 1345 2524 quidem
1376 2447 1466 2524 prae·

208 2659 213 2666 ι
325 2551 508 2652 scriptum
526 2579 612 2632 cum
629 2555 837 2634 etiamnum
854 2557 893 2632 in
910 2555 992 2656 lege
1010 2560 1172 2646 maneat,
1198 2556 1287 2658 ipsa·
1303 2555 1468 2633 Clemen-
1561 2639 1562 2666 ᾖ

322 2684 371 2761 tis
393 2690 508 2766 verba
530 2691 643 2769 etiam
671 2692 776 2770 nobis
802 2693 934 2769 efferre
960 2718 1035 2769 non
1057 2693 1180 2795 inepte
1201 2718 1300 2770 nunc
1325 2692 1464 2770 liceret.
1561 2737 1562 2798 ;

323 2827 466 2928 Nempe
501 2826 673 2906 Clemens
707 2831 985 2932 comparatione
1017 2855 1062 2906 ac
1096 2856 1200 2908 more
1233 2831 1464 2914 ludaeorum,

323 2961 458 3063 quibus
492 2937 764 3042 sacrificiorum
799 2963 899 3066 le'ges
933 2989 956 3041 a
992 2965 1124 3066 Moyse
1157 2965 1464 3066 praescribuntur,
1561 2951 1562 2984 ³

323 3095 551 3175 Christianis
571 3105 703 3178 auctor
726 3105 782 3178 est
804 3104 849 3177 ut
867 3104 904 3177 et
921 3099 992 3201 ipsi
1014 3103 1197 3176 statutum
1220 3099 1267 3175 ab
1289 3096 1466 3200 apostolis

322 3231 554 3310 oblationum
576 3241 613 3314 et
630 3235 840 3314 officiorum
862 3234 1031 3313 ordinem
1054 3237 1267 3311 reverenter
1283 3233 1467 3336 accipiant

320 3392 365 3444 ac
387 3374 547 3447 servent.
570 3370 652 3448 Hoc
674 3375 844 3449 autem...
870 3371 910 3446 in
931 3369 1157 3472 exponendis
1180 3365 1464 3470 comparationi-

322 3501 391 3577 bus
409 3503 598 3594 usuvenit,
619 3509 738 3582 utres
760 3505 961 3608 praeterita
979 3505 1132 3607 perinde
1154 3503 1246 3582 acsi
1265 3507 1464 3605 praesentes

322 3635 506 3727 adessent,
531 3639 576 3716 ob
602 3640 730 3718 oculos
761 3643 960 3743 ponantur.
993 3677 1008 3706 n

375 3810 433 3895 12.
452 3814 546 3903 Quae
561 3816 737 3896 Cotelerii
756 3817 959 3922 responsio,
978 3817 1067 3894 licet
1082 3819 1122 3895 in
1140 3843 1180 3894 se
1193 3818 1361 3919 inspecta
1373 3813 1462 3892 diffi-

317 3948 456 4028 cultate
473 3978 547 4030 non
565 3958 704 4044 careat,
724 3953 848 4032 valide
865 3958 991 4030 tamen
1009 3937 1255 4028 confirmatur
1276 3975 1323 4026 ex
1340 3945 1461 4026 verbis

287 4061 289 4066 Ι
317 4084 520 4167 Clementis
540 4117 624 4193 quae
648 4093 864 4170 immediate
885 4093 1094 4193 sequuntur
1120 4091 1205 4191 post
1227 4087 1344 4165 citata
1366 4087 1403 4184 (2)
1420 4105 1461 4158 ex

317 4244 399 4322 cap.
424 4231 483 4302 41.
510 4226 643 4328 Pergit
660 4228 760 4305 enim
786 4259 793 4304 :
818 4265 834 4293 ω
856 4227 930 4316 Qui
955 4251 1046 4327 ergo
1070 4227 1207 4327 praeter
1229 4221 1266 4298 id
1285 4221 1385 4323 quod
1402 4245 1460 4296 vo-

353 4497 382 4560 (r)
395 4495 462 4549 lbid.
477 4512 503 4562 p.
517 4501 557 4550 80.
573 4514 598 4550 n.
612 4503 636 4552 7.
944 4499 973 4562 (a)
988 4498 1055 4563 Peg.
1070 4511 1151 4562 praec.
1166 4497 1223 4546 not.
1237 4495 1261 4544 2.
