3208 5150
331 473 390 519 cir.
414 476 433 519 ι.
459 475 553 520 uruuu
576 475 679 520 narnus
701 476 796 521 noum
818 477 947 536 varran,
970 479 1029 523 erc.
1216 466 1249 524 ll

91 641 264 742 proinde
283 640 477 717 ecclesiam
495 639 711 716 efformasse
728 641 871 717 censeri
890 667 963 719 non
977 643 1138 744 possint;
1159 669 1253 746 prae·

91 775 233 852 sertim
263 799 382 876 quum
403 797 551 850 necesse
576 799 649 849 non
674 773 724 850 sit
745 778 788 850 ut
808 799 936 851 omnes
956 775 1068 877 hujus
1087 775 1254 854 ecclesiae

91 909 230 986 fideles
250 911 275 987 J
280 909 379 985 udaei
400 909 517 984 fuisse
536 912 806 1010 supponantur.
828 953 875 964 -
897 908 1008 986 Unde
1032 910 1183 987 tandem
1208 937 1253 988 ex

89 1045 215 1120 citato
249 1043 466 1121 testimonio
498 1043 602 1120 Petri
629 1048 893 1144 argumentum
917 1045 1049 1121 efficax
1073 1071 1097 1121 a
1119 1047 1253 1122 ceteris

89 1202 215 1280 supra
240 1177 373 1254 allatis
395 1177 615 1254 distinctum
640 1177 784 1253 desumi
811 1203 885 1255 non
904 1202 1011 1279 posse
1028 1179 1252 1256 censendum

90 1311 269 1386 videtur.

142 1487 184 1571 5·
210 1491 297 1566 Alii
329 1491 484 1567 testibus
510 1515 624 1593 supra
653 1491 779 1568 allatis
810 1494 954 1572 addunt
980 1497 1248 1574 Hnousnrun.

91 1627 179 1701 Non
207 1625 316 1726 quod
342 1623 419 1700 ulla
441 1626 555 1701 verba
580 1627 660 1726 ejus
682 1625 783 1704 circa
808 1652 887 1704 rem
910 1637 1080 1708 nostram
1104 1632 1251 1733 uspiam
1284 1661 1287 1668 ·

88 1759 212 1836 citata
240 1759 494 1860 reperiantur,
521 1760 584 1836 sed
609 1761 699 1861 quia
720 1786 765 1837 ex
790 1761 836 1837 iis
858 1789 942 1864 quac
960 1763 1005 1840 de
1023 1765 1103 1867 ipso
1122 1771 1253 1843 narrat

90 1894 293 1970 Eusebius
317 1897 353 1990 (r)
373 1893 523 1969 omnino
541 1892 733 1994 colligitur
751 1894 858 1971 illum
883 1897 1153 1975 successionem
1173 1897 1249 1976 Ro-

89 2039 307 2092 manorum
331 2015 587 2117 episcoporum
611 2022 786 2094 accurate
808 2019 847 2093 in
870 2019 948 2095 suis
972 2021 1250 2098 commentariis

88 2155 350 2254 consignasse
370 2183 377 2227 :
398 2153 532 2254 quibus
556 2178 671 2254 quum
694 2154 879 2230 Eusebius
904 2181 994 2231 usus
1017 2155 1078 2244 sit,
1099 2156 1161 2257 qui
1182 2157 1250 2232 Pe-

88 2305 192 2365 trum
221 2289 415 2365 Romanae
438 2287 604 2365 ccclesiae
626 2287 855 2365 conditorem
873 2294 909 2367 et
926 2289 1091 2391 primum
1110 2273 1262 2391 episccss

87 2451 178 2526 pum
209 2449 294 2500 non
321 2423 432 2499 semel
457 2429 651 2512 memoret,
677 2423 714 2500 id
737 2425 836 2526 apud
856 2423 1113 2526 Hegesippum
1135 2424 1248 2502 ctiam

86 2561 134 2636 ab
158 2586 205 2638 eo
234 2562 431 2660 repertum
454 2585 534 2636 esse
557 2561 708 2637 omnino
737 2561 962 2637 censendum
990 2565 1057 2637 est.
1085 2561 1192 2648 Quod
1216 2563 1247 2638 si

87 2723 196 2775 secus
217 2697 373 2784 suisset,
389 2701 488 2774 certe
502 2698 537 2774 id
552 2702 682 2776 notare
696 2725 769 2775 non
784 2699 972 2776 omisisset
987 2699 1243 2777 Caesariensis,

137 2884 178 2967 c.
203 2889 406 2964 Praeterea
424 2887 582 2988 proferri
601 2892 758 2989 possunt
783 2886 999 2964 testimonia
1025 2911 1070 2994 ex
1095 2912 1248 2990 apocry-

87 3021 191 3122 phis,
224 3005 442 3119 Evangelio
472 3021 577 3097 Petri
610 3020 769 3108 scilicet,
801 3021 906 3097 Actis
937 3020 1062 3107 Petri,
1079 3059 1085 3072 ·
1100 3021 1245 3097 Praedi-

85 3153 236 3230 catione
278 3151 406 3239 Petri,
443 3153 814 3232 Pseudo-Clementis
842 3152 1176 3254 Recognitionibus
1211 3159 1248 3231 et

85 3282 345 3362 Clementinis
375 3287 482 3361 etex
509 3285 848 3363 constitutionibus
877 3286 1114 3389 Apostolicis.
1146 3288 1245 3375 Quo·

86 3447 169 3498 rum
195 3445 412 3498 consensus
430 3421 551 3534 'quum
573 3423 619 3498 ab
637 3421 865 3498 adversariis
886 3420 1100 3498 traditionis
1118 3421 1245 3498 catho-

85 3554 168 3632 licae
205 3561 412 3655 tamquam
442 3556 573 3634 efficax
607 3557 654 3633 ad
684 3557 781 3634 hanc
816 3557 1054 3633 refutandam
1090 3557 1246 3657 objectio

85 3690 212 3767 afferri
240 3686 384 3774 soleat,
411 3689 454 3765 de
478 3691 523 3766 iis
547 3691 686 3768 ‘iterum
708 3715 829 3768 sermo
852 3689 925 3765 crit
948 3690 1058 3766 infra.

114 4005 141 4056 n)
156 3999 261 4050 Relala
275 3997 308 4046 in
328 3991 437 4044 lacau
451 4010 515 4060 spec.
528 4001 567 4048 od
578 3999 611 4051 1¹¹¹
624 3996 679 4050 AEt.
694 3997 785 4050 ubido
799 3995 966 4064 Hegesippo.
