3170 5134
493 423 555 470 aar.
578 423 616 470 iv.
639 421 674 468 ur
696 422 878 472 nrrromrus.
1201 420 1258 483 llll

182 603 242 689 lt.
264 609 309 684 At
323 611 454 684 oontra
471 607 567 682 hano
583 605 807 682 sententiam
825 607 970 686 obstat:
996 617 1031 687 l⁰
1048 612 1155 703 Quod
1175 619 1255 696 nul-

125 740 206 816 lius
229 741 353 818 veteris
382 739 546 817 auctoris
577 739 787 816 testimonio
818 739 951 818 nititur
979 749 1116 846 praeter
1144 749 1255 826 unius

127 875 277 966 Gelasii,
307 875 498 978 scriptoris
528 873 669 951 seilicet
698 874 788 952 satis
819 873 951 954 incerti
982 880 1033 977 (1),
1065 881 1256 982 quivixit

126 1015 221 1088 extr.
238 1037 306 1088 sea
327 1013 374 1088 V.
394 1015 432 1088 et
449 1011 543 1088 forto
560 1010 599 1086 in
616 1034 781 1087 errorem
799 1011 972 1091 inductus
997 1019 1053 1094 est
1078 1019 1255 1120 ambigua

125 1145 291 1223 versione
313 1144 472 1233 Rudini,
499 1144 563 1246 qui
587 1143 740 1221 Eusebii
765 1146 879 1221 verba
901 1151 953 1222 H.
973 1152 1021 1224 Ε.
1043 1149 1110 1227 Vl.
1139 1157 1187 1228 20
1213 1158 1253 1253 (a)

125 1281 182 1358 ita
198 1282 308 1360 reddit
328 1313 335 1358 :
360 1317 375 1347 u
396 1282 491 1358 Erat
507 1281 604 1357 inter
621 1284 762 1357 eeteros
779 1283 816 1356 et
834 1281 1008 1383 Beryllus
1029 1284 1253 1387 scriptorum

128 1419 380 1522 npraeoipuua
408 1418 472 1520 qui
501 1422 538 1496 et
562 1418 641 1519 ipso
665 1417 815 1494 diversa
835 1418 1015 1520 opuscula
1039 1421 1248 1524 dereliquit.
1287 1397 1295 1404 ⁹

127 1552 363 1655 nllpisoopus
392 1553 465 1629 fuit
498 1551 558 1628 hio
587 1551 687 1653 apud
721 1552 910 1640 Bostram,
943 1554 1093 1632 Arabiae
1122 1557 1252 1635 urbem

125 1722 141 1750 .-.
163 1686 370 1765 maximam.
404 1685 498 1762 Erat
526 1685 769 1762 nihilominus
797 1689 834 1763 et
857 1686 1098 1790 HippolytuS,
1126 1693 1252 1793 quiet

125 1855 140 1884 a
162 1819 236 1920 ipse
247 1819 440 1922 aliquanta
452 1819 593 1922 scripta
605 1819 815 1920 dereliquit,
831 1819 1036 1924 episcopus.
1057 1829 1129 1901 „2⁰
1143 1826 1250 1914 Quod

121 1955 317 2032 secundum
342 1953 630 2031 ecelesiasticam
653 1952 889 2055 disciplinam
916 1956 1124 2058 primorum
1147 1985 1249 2038 seon·

119 2089 237 2165 lorum
259 2087 473 2191 hujusmodi
494 2087 757 2166 translationes
775 2113 1009 2193 nequaquam
1033 2098 1100 2172 aut
1122 2096 1187 2173 vix
1208 2097 1250 2177 li-

116 2225 199 2302 citae
216 2223 535 2302 existimabantur.
556 2227 595 2300 3⁰
606 2222 703 2299 Addi
721 2227 855 2326 potest,
875 2250 1009 2328 parum
1022 2230 1249 2331 probabilem
1364 2207 1367 2214 Δ
1391 2201 1396 2212 ’

17 2438 18 2446 p
115 2359 231 2436 videri
248 2359 345 2438 hano
363 2359 645 2437 translationem
663 2383 687 2436 a
703 2359 789 2436 sede
813 2363 1100 2465 metropolitana
1120 2368 1167 2445 ad
1185 2395 1248 2473 op-

114 2494 241 2597 pidum
258 2495 349 2572 satis
367 2492 529 2594 ignobile
548 2494 597 2591 (a).

162 2719 224 2804 16.
247 2741 299 2805 11.
329 2723 411 2801 Has
432 2723 654 2826 posteriores
677 2723 914 2804 difficultates
937 2729 1058 2808 vitare
1081 2731 1245 2813 voluisse

110 2860 282 2938 videntur
305 2859 544 2938 Bollandiani
568 2862 605 2959 (r)
631 2860 734 2950 dum,
758 2861 879 2962 quoad
902 2864 1073 2942 ultimam
1098 2873 1243 2969 partem

108 2995 328 3074 sententiam
350 2994 507 3071 Baronii
530 2994 751 3083 deserentes,
771 2995 974 3097 conjiciunt
994 2998 1241 3103 Hippolytum

17 3135 18 3152 ¹
105 3128 318 3231 episcopum
339 3128 507 3205 Arabum
524 3126 632 3204 facile
653 3127 818 3228 potuisse
838 3129 885 3206 ad
910 3131 1104 3210 invisenda
1121 3136 1241 3237 sepul·

17 3349 19 3362 p
104 3286 170 3339 ara
182 3259 436 3362 apostolorum
454 3261 617 3339 Romam
633 3262 779 3352 venire;
799 3267 839 3342 at
857 3265 951 3342 forte
967 3265 1007 3342 in
1025 3269 1143 3346 Portu
1162 3270 1238 3350 Ro·

17 3452 18 3486 ,
102 3421 216 3474 mano
238 3396 284 3472 ab
311 3394 470 3472 ethnicis
496 3396 784 3498 comprehensus
807 3401 844 3474 et
872 3399 1053 3501 martyrio
1083 3402 1238 3483 affectus

17 3561 18 3638 3
102 3529 219 3608 fuerit
243 3559 250 3604 :
276 3530 374 3606 unde
398 3527 495 3631 plebi
517 3531 554 3606 et
576 3529 708 3607 deinde
733 3530 890 3631 posteris
913 3533 1057 3612 oooasio
1081 3536 1169 3614 data
1189 3541 1238 3617 sit

17 3649 18 3712 3
101 3666 348 3742 Portuensem
365 3663 446 3762 ejus
459 3661 712 3766 episcopatum
729 3665 929 3745 asserendi.
950 3713 996 3724 -
1015 3669 1086 3748 Sed
1104 3672 1238 3752 ethaeo

136 4041 167 4102 (u
194 4035 291 4088 Variae
316 4038 466 4090 sententias
488 4037 562 4090 circo
582 4040 655 4091 huno
720 4040 750 4106 (a)
762 4040 855 4106 Sijam
866 4042 995 4108 oppidum
1008 4043 1073 4095 tuno
1085 4046 1145 4098 fuit.
1158 4047 1236 4108 Quod

104 4128 245 4184 Gelasium
272 4129 372 4180 videsis
397 4129 470 4193 apud
493 4129 654 4189 Flauiorum,
689 4133 771 4196 negat
793 4131 967 4195 Dammana,
989 4131 1153 4198 Hippolytus
1179 4141 1236 4187 und

105 4219 176 4272 Bibl.
203 4217 291 4271 Groec.
319 4217 380 4281 (Ed.
411 4216 533 4282 Hennes)
557 4219 576 4268 t.
602 4217 650 4270 XI.
686 4219 977 4285 Katlsslus,p.778qq.

105 4329 131 4379 p.
145 4311 202 4364 290.
720 4311 750 4375 (r)
767 4309 825 4364 Act.
840 4311 888 4364 SS.
906 4314 971 4365 tom.
987 4313 1031 4366 lv.
1047 4315 1117 4380 Aug.
1135 4330 1161 4380 p.
1178 4317 1234 4368 510.

139 4407 168 4470 (sl
182 4404 256 4456 'l'oat
270 4404 294 4457 1.
309 4403 468 4472 lldppend.
483 4418 544 4472 pag.
559 4400 611 4470 18).
