3132 5140
368 458 490 506 incorr.
513 461 533 504 ι.
557 457 595 505 nn
616 458 718 507 nocue
744 454 913 504 nurerum.
998 480 1001 485 -
1158 443 1217 506 225

73 624 164 702 tibus
192 630 238 704 ut
277 623 387 702 facile
423 625 661 728 praetermitti
701 621 835 726 possit,
869 622 961 724 quin
993 621 1217 701 Eusebianae

73 763 297 840 narrationis
320 763 434 839 series
458 761 537 839 ulla
556 763 704 839 ratione
720 784 855 838 manee
871 763 939 837 eut
955 759 1084 838 hiulca
1101 751 1215 863 appa-

74 900 163 988 reet;
187 897 353 975 alterurn
374 897 472 1000 quod
500 896 570 973 hoc
596 896 678 974 loco
703 897 857 973 notetur
882 918 988 971 error
1013 895 1216 972 historicus

73 1030 108 1107 in
125 1059 236 1136 quem
261 1038 362 1112 certe
386 1015 461 1111 non
478 1031 672 1110 incidisset
689 1031 889 1120 Eusebius,
916 1030 981 1106 ubi
998 1023 1132 1133 nempe
1156 1055 1215 1108 as-

74 1166 206 1242 seritur
241 1167 457 1270 Cyprianus
479 1169 640 1264 primus
669 1166 785 1244 fuisso
814 1165 878 1267 qui
909 1165 955 1241 iis
986 1165 1216 1268 temporibus

74 1297 297 1400 baptismum
332 1301 546 1378 iterandum
579 1301 784 1391 censuerit,
820 1325 936 1403 quum
970 1305 1096 1378 tamen
1129 1307 1217 1380 ante

75 1430 193 1532 ipsum
206 1439 244 1511 et
257 1434 405 1524 Asiani,
421 1435 502 1538 ipso
520 1435 683 1512 Eusebio
696 1440 792 1514 teste
806 1439 817 1522 l
822 1437 861 1533 1),
877 1438 914 1512 et
930 1434 970 1510 in
987 1434 1070 1537 ipsa
1086 1433 1217 1512 Africa
1258 1463 1260 1476 ’

74 1565 302 1669 Agrippinus
325 1567 637 1671 Carthaginensis
659 1569 855 1672 episcopus
879 1569 1047 1646 camdem
1072 1574 1217 1647 senten·
1248 1544 1254 1556 ⁵

74 1697 161 1775 tiam
180 1701 281 1778 circa
297 1702 526 1804 baptismum
544 1701 808 1779 haereticorum
831 1700 988 1804 professi
1014 1708 1138 1779 essent
1155 1705 1167 1800 (
1185 1707 1211 1802 ).

120 1875 159 1960 d.
178 1881 276 1960 Sane
307 1883 388 1960 haec
419 1881 622 1961 admodum
644 1879 831 1958 imbecille
854 1884 954 1958 sunt.
982 1880 1147 1971 Etenim,
1172 1886 1217 1960 ut

77 2012 119 2089 ab
139 2015 272 2093 ultimo
296 2016 551 2106 exordiamur,
576 2015 673 2118 quod
697 2015 920 2118 supponitur
942 2014 988 2091 de
1004 2015 1215 2093 adulterato

74 2167 96 2220 a
118 2145 324 2227 Donatistis
351 2149 528 2238 Eusebio,
551 2149 604 2238 id,
631 2152 674 2226 ut
695 2153 794 2226 recte
813 2149 869 2225 ait
889 2147 1041 2238 Palma,
1060 2172 1216 2251 prorsus

74 2277 285 2360 incredibile
309 2288 377 2361 est.
403 2282 708 2360 Existimandum
731 2282 832 2358 enim
851 2285 961 2370 esset,
988 2305 1116 2357 omnes
1141 2283 1216 2359 Eu-

75 2413 161 2489 sebii
182 2417 458 2520 manuscriptos
483 2415 643 2506 codices,
668 2415 732 2519 qui
753 2416 794 2493 in
815 2416 945 2494 eedem
970 2415 1130 2493 historia
1156 2439 1212 2491 re-

74 2545 220 2628 ferenda
252 2553 507 2642 contentiunt,
540 2577 564 2630 a
598 2551 808 2630 Donatistis
847 2554 1044 2653 corruptos
1078 2549 1212 2638 fuisse
1293 2579 1298 2586 ·

75 2682 269 2764 catholicos
283 2711 413 2789 passos
431 2711 511 2764 esse
527 2687 568 2762 in
585 2685 739 2763 Eusebii
756 2685 901 2762 codices
919 2684 984 2787 qui
997 2683 1098 2786 apud
1113 2682 1214 2785 ipsos

74 2821 175 2894 erant
209 2819 494 2898 Donatistarum
534 2820 792 2910 additamenta
824 2819 975 2911 inferri;
1015 2843 1215 2922 germanos

74 2954 248 3046 praeterea
272 2959 310 3032 et
337 2931 411 3033 non
437 2957 591 3034 vitiatos
617 2956 775 3046 codices,
802 2956 849 3033 iis
872 2961 1021 3034 tantum
1049 2955 1214 3058 exeeptis

9 3083 11 3162 1
75 3085 134 3182 qui
157 3093 323 3195 corrupti
350 3095 451 3182 sunt,
479 3092 685 3182 interiisse;
714 3092 795 3169 haec
820 3092 980 3195 denique
1005 3091 1214 3168 Donatistis

9 3271 11 3300 2
75 3219 225 3302 feliciter
246 3225 398 3302 evenire
420 3226 601 3328 potuisse,
624 3225 713 3305 licet
732 3225 911 3304 catholici
929 3225 1000 3302 sibi
1018 3225 1065 3302 ab
1083 3248 1214 3302 eorum

75 3353 260 3436 fraudibus
283 3359 484 3461 diligenter
506 3359 768 3463 prospexerint
790 3366 828 3438 et
851 3359 1063 3437 Donatistis
1091 3363 1215 3436 essent

76 3493 305 3589 potentiores.
328 3541 377 3552 --
401 3497 533 3599 Neque
555 3496 763 3600 quidquam
783 3497 964 3574 evincunt
988 3502 1215 3598 argumenta

76 3645 150 3721 quae
171 3627 283 3706 affert
305 3627 366 3706 Ill.
395 3630 443 3707 D.
469 3629 621 3707 Tizzani
646 3629 693 3708 ad
720 3631 952 3733 probandam
969 3655 1078 3711 suam
1095 3629 1213 3734 hypo-

104 3939 130 3994 (ι)
141 3935 176 3988 Η.
187 3936 296 3991 mvn.
310 3940 326 3990 7
339 3939 473 4003 (Append.
488 3953 551 4005 pag.
564 3933 618 4008 78).
654 3943 745 4004 quest,
770 3942 847 3994 corte
872 3945 1017 4008 suspectus
1040 3955 1096 3996 non
1119 3947 1161 3997 est
1183 3945 1211 3997 ln

104 4027 131 4087 ta)
145 4027 233 4078 Aliam
252 4029 324 4078 viem
343 4027 444 4080 inierat
461 4028 617 4091 Missorius,
651 4030 783 4095 praesenti
795 4031 921 4093 materie,
935 4046 1020 4095 quum
1032 4032 1101 4084 nihil
1113 4035 1158 4086 hic
1170 4049 1211 4085 as

78 4117 191 4178 negando
210 4117 340 4179 Eusebio,
359 4120 455 4182 utpote
476 4119 618 4180 haeretico,
652 4120 759 4186 signari
769 4121 979 4186 possitquodex
988 4124 1107 4188 partium
1119 4126 1211 4177 studio

79 4197 153 4253 ullam
175 4205 258 4256 fldem
286 4219 348 4258 esse
376 4207 540 4260 habendam.
567 4209 621 4261 Sed
654 4209 830 4278 protulissem
850 4215 955 4264 namet
971 4213 1211 4278 Stephanumleu·

78 4302 245 4366 praeterquam
257 4303 480 4368 quodEunebius
492 4305 622 4369 usquein
655 4305 703 4358 det
722 4308 749 4358 et
770 4305 1005 4372 rebaptizentlbus
1027 4306 1189 4362 adversatur
1202 4327 1209 4362 z

82 4385 235 4444 Arianorum
254 4394 374 4460 gretiam
397 4396 547 4460 quidquem
567 4411 624 4448 suae
658 4399 724 4464 quid
737 4398 824 4464 igitur
835 4399 880 4450 hic
891 4397 1050 4452 haereticum
1062 4402 1147 4466 sapitt

68 4469 197 4566 ‘Historiae
208 4483 302 4535 intulit
314 4484 388 4548 quod
400 4485 499 4537 salsum
510 4486 622 4551 probari
