3180 5134
332 347 352 404 8
683 344 690 356 ”
815 359 933 406 Arcano.
958 352 996 402 n.

332 541 435 586 omnes
448 529 526 584 Asiae
537 526 763 598 vicinarumque
775 527 997 598 provinciarum
1011 527 1153 584 ecclesias
1165 505 1319 596 tamquam
1333 524 1525 582 contraria

333 625 426 681 rectae
448 622 516 678 tldei
535 623 706 690 sentientes,
727 638 746 678 a
764 622 973 679 communione
991 621 1164 678 abscindere
1183 619 1327 685 conatum
1350 619 1525 688 datisque

333 721 444 779 rums
457 721 613 778 universos
626 723 677 793 qur
690 722 751 778 uuo
764 721 851 778 erant
862 705 973 778 saties
988 720 1158 791 proscribit,
1172 719 1204 776 a
1214 720 1252 775 aa
1266 717 1381 776 unias
1396 718 1523 772 eccie-

334 818 387 874 siae
400 831 524 887 prorsus
536 817 649 874 alienos
669 833 733 874 esse
746 805 927 889 pronuntiat!
949 821 1061 875 Verum
1080 818 1144 873 haee
1163 832 1223 872 nou
1239 817 1378 871 omuibus
1393 815 1525 884 place·
1561 843 1562 854 ι

334 915 406 971 baut
418 913 576 984 episcopis.
589 913 717 971 Proinde
725 915 876 972 Victorem
889 930 927 972 ex
940 915 1066 972 adverso
1076 914 1189 971 hortati
1202 913 1282 980 sunt,
1293 913 1328 969 ut
1340 927 1378 968 ea
1391 914 1524 982 potius

334 1010 445 1068 sentire
464 1011 556 1068 vellet
574 1027 642 1081 quae
661 1013 727 1082 paci
746 1011 778 1068 et
797 1012 904 1069 unitati
924 1012 1123 1082 charitatique
1142 1026 1214 1081 erga
1225 1000 1406 1080 'proximum
1430 1025 1525 1066 con-

335 1107 491 1178 gruebant.
504 1109 632 1164 Exstant
641 1109 806 1166 etiamnum
820 1124 922 1166 eorum
939 1109 1057 1172 littera.
1069 1110 1176 1179 quibus
1188 1095 1339 1166 Victorem
1352 1109 1522 1164 acerbius

335 1207 551 1278 perstringunt.
571 1210 614 1263 Ex
635 1223 763 1278 quorum
782 1223 906 1266 numero
930 1212 1060 1266 irenaeus
1076 1209 1108 1264 in
1120 1208 1246 1278 epistola
1265 1221 1355 1276 quam
1372 1207 1524 1276 scripsit

336 1304 455 1360 nomine
467 1304 596 1361 fratrum
609 1306 716 1375 quibus
731 1305 864 1376 praeerat
876 1307 907 1362 in
920 1305 1025 1372 Gallia,
1045 1305 1121 1361 illud
1134 1304 1254 1374 quidem
1271 1303 1415 1368 defendit,
1436 1304 1520 1359 solo

335 1401 383 1458 die
405 1400 558 1458 Dominico
579 1404 807 1474 resurrectionis
827 1403 943 1460 Domini
963 1402 1140 1472 mysterium
1163 1416 1228 1458 esse
1250 1399 1482 1470 celebrandum
1508 1420 1516 1456 :

335 1499 488 1556 Victorem
507 1500 608 1556 tamen
623 1499 764 1558 decenter
776 1500 925 1568 admonet,
941 1515 977 1555 ne
997 1500 1130 1570 integras
1146 1499 1197 1554 Dei
1217 1496 1357 1554 ecclesias
1376 1511 1519 1551 morem

337 1595 392 1652 sibi
410 1595 609 1667 amatoribus
629 1596 774 1653 traditum
792 1597 1003 1664 custodientes,
1018 1611 1037 1652 a
1051 1596 1258 1652 communione
1278 1593 1451 1650 abscindat.
1474 1595 1520 1649 Et

337 1691 405 1761 post
418 1690 513 1748 multa
521 1693 581 1748 alia
590 1693 620 1748 in
630 1707 696 1750 eam
707 1693 885 1749 sententiam
895 1692 985 1758 dicta,
1000 1693 1047 1748 his
1060 1693 1150 1748 etiam
1161 1692 1257 1748 utitur
1268 1690 1377 1746 verbis.
1391 1693 1517 1760 Neque

337 1787 417 1842 enim
435 1787 472 1842 de
485 1787 532 1844 die
545 1787 642 1844 solum
660 1789 866 1846 controversia
880 1789 936 1852 est,
957 1789 1008 1844 sed
1022 1788 1113 1845 etiam
1128 1788 1164 1843 de
1184 1789 1282 1843 forma
1294 1787 1359 1855 ipsa
1371 1786 1512 1856 jejunii.

337 1881 461 1947 Quidam
475 1883 553 1939 enim
566 1885 739 1941 existimant
753 1886 840 1942 unico
854 1884 902 1942 die
916 1886 971 1942 sibi
986 1900 1051 1942 esse
1060 1884 1256 1955 Jejunandum
1273 1904 1279 1940 :
1294 1883 1345 1939 alii
1362 1883 1509 1944 duobuS.

336 1979 388 2034 alii
408 1978 543 2049 pluribus
559 2001 565 2038 :
581 1982 715 2038 nonnulli
733 1985 823 2039 etiam
843 1983 1041 2054 quadraginta
1059 1983 1141 2039 horis
1154 1982 1268 2038 diurnis
1281 1996 1316 2036 ac
1336 1981 1511 2036 nocturnis

337 2075 517 2146 computatis
536 2076 614 2134 diem
633 2093 721 2134 suum
741 2078 915 2136 metiuntur.
931 2079 1026 2148 Atque
1046 2079 1109 2134 haec
1128 2077 1160 2134 in
1176 2078 1360 2134 observando
1375 2077 1508 2146 jeiunio

337 2171 469 2228 varietas
482 2186 541 2250 non
553 2172 656 2230 nostra
669 2177 799 2244 primum
812 2175 901 2232 aetate
914 2177 985 2231 nata
998 2174 1053 2240 est,
1069 2175 1119 2230 sed
1134 2175 1221 2245 longe
1238 2173 1326 2230 antea
1338 2174 1416 2243 apud
1432 2187 1509 2229 ma·

334 2269 418 2337 joras
431 2269 549 2326 nostros
563 2271 654 2341 coepit
665 2292 672 2328 ε
685 2273 735 2341 qui
748 2271 945 2343 negligentius
958 2272 993 2328 ut
1005 2272 1167 2328 verisimile
1180 2271 1226 2328 est
1239 2270 1446 2341 praesidentes,
1461 2285 1506 2326 ex

338 2363 528 2434 simplicitate
545 2365 576 2422 et
593 2353 744 2437 impe‘ritia
762 2371 860 2425 ortam
880 2368 1124 2424 consuetudinem
1142 2367 1269 2438 posteris
1290 2365 1503 2422 tradiderunt.

339 2459 536 2518 Nihilominus
555 2461 657 2519 tamen
677 2463 708 2519 et
726 2479 830 2520 omues
849 2460 898 2520 isti
913 2478 1016 2534 pacem
1028 2463 1107 2520 inter
1127 2479 1158 2520 se
1176 2461 1375 2527 retinuerunt,
1395 2461 1426 2518 et
1440 2475 1504 2517 nos

338 2556 465 2613 invicem
478 2557 652 2616 retinemus.
668 2560 713 2617 lta
721 2561 906 2631 jejuniorum
920 2561 1078 2618 diversitas
1092 2562 1318 2618 consensionem
1332 2559 1400 2614 ddei
1414 2573 1505 2614 com-

339 2655 468 2712 mendat.
485 2657 692 2714 Narrationem
705 2659 811 2716 deiude
830 2659 983 2729 subjungit
1000 2673 1089 2728 qnam
1102 2659 1151 2715 hic
1171 2657 1337 2728 opportuno
1350 2658 1500 2712 sisaram.

338 2750 390 2808 Est
402 2753 503 2810 autem
516 2753 695 2824 hujusmodi.
711 2756 766 2812 Sed
786 2756 817 2812 et
837 2756 1007 2825 Presbyteri
1021 2755 1064 2811 illi
1078 2756 1128 2825 qui
1142 2755 1212 2810 aute
1232 2753 1378 2817 Soterem,
1399 2751 1503 2806 ecele-

338 2849 412 2904 siam
422 2849 471 2905 cui
484 2849 518 2905 tu
532 2866 610 2908 nunc
623 2867 717 2921 praees
730 2852 934 2922 gubernarunt
949 2872 956 2908 ε
971 2851 1127 2907 Anicetum
1139 2849 1207 2906 dico
1220 2849 1252 2906 et
1265 2847 1351 2904 Pium
1361 2847 1392 2903 et
1405 2846 1502 2916 Hygi·

339 2961 410 3003 num
421 2963 489 3004 cum
499 2948 678 3019 Telesphoro
688 2950 718 3006 et
728 2951 834 3019 xysto,
849 2963 944 3019 neque
957 2949 1013 3018 ipsi
1024 2961 1154 3017 uuquam
1165 2941 1364 3001 observarunt
1376 2962 1383 2998 :
1397 2955 1502 3011 neque

339 3043 386 3100 his
405 3045 456 3114 qui
474 3060 542 3101 cum
559 3047 631 3116 ipsis
650 3046 747 3110 eraut,
768 3047 802 3102 ut
821 3048 851 3102 id
871 3045 1066 3102 observarent
1085 3041 1296 3113 permiserunt.
1317 3039 1374 3109 lpsi
1392 3039 1501 3094 tamen

340 3159 408 3201 cum
422 3145 479 3201 hoo
491 3145 612 3202 minime
622 3147 828 3222 observarent,
842 3161 946 3217 pacem
960 3145 1152 3202 nihilominus
1165 3140 1302 3199 colebant
1314 3153 1384 3196 cum
1396 3139 1435 3194 iis
1445 3139 1500 3207 qui

339 3241 377 3296 ad
397 3257 430 3298 se
442 3243 592 3300 venisseut
605 3259 646 3300 er
662 3243 795 3300 ecclesiis
815 3239 970 3312 inquibus
989 3241 1019 3296 id
1038 3237 1264 3296 observabatur.
1286 3235 1374 3305 Atqui
1394 3232 1498 3294 obser-

340 3337 442 3395 vantia
460 3339 603 3397 intereos
616 3341 666 3409 qui
680 3339 801 3395 minime
813 3336 1023 3402 observabant,
1039 3333 1123 3392 tanto
1137 3332 1232 3402 magis
1245 3329 1397 3386 contraria
1410 3329 1499 3385 vide-

340 3432 439 3490 batur.
464 3417 524 3490 Nec
546 3433 600 3490 ulli
624 3449 756 3504 unquam
781 3434 819 3489 ob
844 3431 991 3502 eiusmodi
1017 3427 1261 3485 consuetudinem
1284 3423 1388 3494 reiecti
1412 3424 1495 3480 sunt.

340 3532 452 3588 Verum
470 3531 513 3586 illi
532 3533 588 3602 ipsi
608 3532 659 3601 qui
676 3531 708 3587 te
727 3527 945 3601 praecesserunt
964 3525 1147 3596 Presbyteri,
1168 3523 1304 3593 quamvis
1324 3519 1354 3576 id
1373 3520 1499 3576 minime

341 3626 547 3696 observarent,
571 3626 771 3684 Ecclesiarum
790 3625 972 3696 presbyteris
995 3621 1098 3692 quiid
1121 3618 1330 3682 observabant,
1353 3617 1497 3672 Euchari-

341 3721 431 3778 stiam
443 3721 684 3780 transmiserunt.
700 3721 738 3777 Et
756 3734 824 3776 cum
843 3719 1034 3775 beatissimus
1052 3717 1237 3786 Polycarpus
1251 3712 1366 3769 Aniceti
1383 3713 1499 3782 tempo

340 3818 423 3875 ribus
437 3820 562 3876 Romam
574 3816 714 3882 venisset,
735 3818 824 3884 atque
838 3815 996 3874 interillos
1010 3814 1047 3870 de
1060 3811 1237 3882 quibusdam
1254 3809 1320 3865 aliis
1332 3808 1423 3864 rebus
1437 3823 1498 3865 mo·

342 3913 409 3970 dica
421 3917 499 3971 esset
511 3915 725 3978 controversia,
743 3911 845 3968 statim
857 3911 961 3968 mutuo
975 3911 1057 3981 pacis
1070 3907 1172 3966 osculo
1186 3921 1218 3964 se
1237 3905 1384 3973 complexi
1403 3905 1475 3961 sunt
1489 3924 1495 3959 :

342 4007 379 4064 de
392 4007 448 4065 hoc
461 4011 558 4080 capite
571 4024 629 4064 non
649 4021 829 4079 magnopere
843 4007 921 4063 inter
934 4021 966 4062 se
979 4003 1200 4062 contendentes.
1218 4005 1319 4071 Neque
1332 4003 1413 4057 enim
1433 4003 1498 4057 Aui-

342 4103 426 4162 octus
446 4107 610 4180 Polycarpo
628 4107 809 4180 persuadere
828 4118 960 4174 unquam
973 4101 1092 4172 poterat
1109 4099 1143 4156 ut
1161 4099 1322 4155 ohservare
1335 4096 1496 4164 desineret,

341 4202 449 4274 quippe
466 4205 516 4274 qui
536 4221 605 4262 cum
623 4209 736 4266 loanne
748 4203 863 4261 Domini
884 4201 978 4258 nostri
991 4198 1148 4270 discipulo,
1163 4198 1274 4254 etcum
1289 4196 1413 4266 reliquis
1428 4211 1495 4266 apo·

342 4295 426 4353 stolis
447 4299 622 4368 quibuscum
644 4299 831 4360 familiariter
852 4295 981 4364 vixerat,
996 4309 1065 4353 eum
1088 4308 1203 4352 morem
1227 4292 1372 4365 perpetuo
1396 4293 1496 4351 obser·
