3208 5150
1096 225 1103 256 l

346 427 383 491 78
555 447 625 496 niss.
648 452 678 497 n.
701 451 737 499 ne
756 452 895 502 mnrnov.
917 454 996 502 unci
1016 453 1166 502 catenam.
1189 455 1289 502 risen.

345 613 470 714 guisse
479 640 554 712 per
569 618 757 708 Ciliciam,
773 643 889 720 quum
902 621 1148 700 Arnnnnsnrs
1166 621 1309 700 Ciliciae
1327 621 1497 726 populos

343 748 440 825 inter
461 775 523 826 eos
546 755 701 852 reponat
721 753 785 854 qui
811 791 826 818 u
851 756 951 833 circa
969 756 1052 834 festi
1076 756 1359 834 celebrationem
1381 756 1495 836 clau-

345 919 360 947 »
382 883 561 974 dicantes,
581 910 666 962 oum
684 887 706 964 J
712 887 826 964 udaeis
845 891 994 968 Pascha
1010 891 1248 969 celebrabant
1267 929 1282 957 a
1301 894 1362 990 (1):
1383 891 1494 966 unde

340 1019 636 1098 concludendum
662 1029 817 1101 estnon
843 1027 1067 1105 uniformem
1096 1027 1211 1104 fuisse
1240 1026 1491 1103 ecclesiarum

340 1154 379 1230 in
401 1155 468 1233 illa
489 1157 639 1258 regione
661 1159 776 1237 ritum
798 1161 1007 1240 celebrandi
1031 1163 1242 1253 Paschatis‚
1267 1163 1363 1266 quod
1385 1139 1490 1240 torte

339 1289 452 1366 etiam
475 1291 664 1370 obtinebat
686 1320 753 1397 per
774 1297 917 1374 Asiam.

315 1535 316 1540 .
389 1465 426 1548 3.
451 1470 508 1547 Ad
528 1473 625 1551 hanc
643 1474 760 1576 igitur
778 1476 1033 1554 diversitatem
1050 1477 1252 1555 tollendam
1268 1475 1486 1556 Concilium

339 1603 534 1681 Nicaenum
558 1609 710 1685 tandem
732 1611 963 1689 definitivam
980 1611 1069 1689 tulit
1089 1611 1309 1689 sententiam
1327 1613 1375 1708 (a).
1400 1609 1486 1686 Nec

336 1766 502 1842 unquam
520 1743 691 1846 deinceps
708 1745 775 1822 illa
792 1747 1047 1824 controversia
1069 1748 1108 1823 in
1126 1746 1281 1824 ecclesia
1298 1747 1486 1822 renovata

336 1879 403 1952 est.
434 1875 552 1952 Pauci
571 1877 670 1952 enim
696 1877 752 1954 illi
770 1880 834 1981 qui
861 1880 1105 1958 nihilominus
1123 1881 1273 1958 Pascha
1298 1903 1381 1955 cum
1408 1878 1430 1954 J
1437 1903 1484 1953 u-

335 2011 425 2089 daeis
439 2012 701 2091 celebrandum
719 2015 906 2108 dixerunt,
922 2019 1003 2120 jam
1017 2018 1202 2095 haereticis
1215 2021 1252 2094 et
1265 2014 1483 2092 schismati-

335 2151 388 2226 cis
406 2151 582 2228 accensiti
597 2155 697 2228 sunt.
715 2153 919 2255 Equorum
935 2179 1088 2231 numero
1102 2152 1254 2229 fuerunt
1272 2148 1482 2228 Novatiani

228 2339 230 2345 ,
336 2284 487 2386 quidam
506 2283 716 2362 Orientales
734 2289 783 2385 (a).

384 2463 423 2546 4·
449 2468 578 2568 Neque
614 2466 961 2553 Quartodecimanis
994 2466 1263 2544 adnumerandi
1299 2464 1480 2540 Britones

333 2610 370 2682 et
394 2605 509 2693 scoti,
537 2604 600 2706 qui
623 2604 686 2680 diu
711 2603 751 2679 in
773 2630 815 2681 eo
837 2629 963 2682 errore
984 2605 1124 2682 versati
1148 2625 1236 2680 sunt
1259 2607 1302 2679 ut
1323 2600 1481 2678 Pascha

282 2843 286 2850 1
332 2739 561 2816 celebrarent
577 2737 668 2814 luna
691 2737 999 2840 decimaquarta,
1020 2738 1084 2815 ubi
1103 2763 1147 2814 ea
1171 2738 1210 2812 in
1236 2735 1479 2813 Dominicam

331 2875 434 2978 diem,
458 2875 648 2952 incideret.
679 2874 730 2950 Hi
756 2875 855 2951 enim
880 2900 953 2952 non
976 2899 1063 2952 cum
1088 2873 1246 2962 iudaeis
1274 2871 1337 2947 sed
1357 2870 1479 2970 juxta

332 3013 446 3088 ritum
468 3036 491 3088 a
515 3009 682 3089 Concilio
707 3010 861 3088 Nicaeno
885 3010 1160 3112 praescriptum,
1180 3033 1219 3083 se
1245 3004 1336 3080 illud
1360 3027 1479 3103 agere

330 3145 612 3222 arbitrabantur
630 3147 640 3242 (
657 3147 680 3240 ).

361 3441 392 3501 (11
405 3440 475 3491 lbid.
915 3439 1008 3490 litante
1021 3437 1098 3488 urbis
1114 3437 1144 3488 in
1155 3437 1257 3495 Africa,
1272 3457 1284 3478 n
1297 3435 1330 3485 de
1341 3433 1480 3495 paschale

360 3537 392 3599 (ι)
404 3537 542 3587 daunais.
560 3535 606 3586 cil.
625 3533 749 3599 Appeud.
766 3546 828 3597 pag.
841 3528 883 3586 11.
916 3537 944 3584 iu
960 3537 1002 3584 die
1014 3533 1156 3584 Dominicu
1171 3531 1338 3590 celebrando,
1351 3529 1426 3592 quod
1439 3544 1477 3580 ex

361 3625 391 3684 (a)
408 3623 524 3676 Socnnr.
538 3622 574 3674 H.
589 3621 622 3674 Ε.
640 3623 671 3673 V.
685 3624 727 3684 21,
740 3623 771 3674 22
784 3621 828 3688 (P.
843 3623 874 3673 (1.
910 3623 968 3674 Mn
980 3623 1103 3686 Spiciley.
1117 3620 1196 3674 Rom.
1210 3623 1229 3671 t.
1244 3620 1294 3672 111.
1309 3635 1335 3684 p.
1349 3621 1398 3670 707
1412 3619 1475 3670 edi-

327 3715 347 3762 t.
361 3712 470 3763 LXVII.
488 3728 514 3777 p.
533 3713 581 3762 623
593 3713 673 3776 saa).
691 3740 724 3749 —
739 3711 876 3762 Sozousa.
911 3715 969 3762 tum
980 3714 1029 3764 est.
1046 3711 1076 3762 P.
1091 3711 1122 3763 G.
1135 3713 1155 3762 t.
1168 3709 1199 3760 V.
1214 3725 1240 3775 p.
1257 3710 1328 3760 1489.

327 3798 363 3851 Η.
377 3798 412 3850 Ε.
425 3799 485 3852 Vll.
499 3802 536 3860 18,
552 3802 582 3852 19
593 3801 673 3862 (ibid.
683 3816 708 3865 p.
723 3801 784 3851 1467
794 3802 874 3864 squ).
942 3803 973 3864 (c)
989 3801 1075 3860 Banu,
1096 3799 1166 3852 Har.
1186 3798 1259 3850 Eccl.
1274 3798 1358 3860 Arioi.
1381 3797 1401 3848 1.
1416 3798 1475 3850 lli.

328 3917 359 3927 —
370 3890 412 3941 nd
422 3891 546 3954 tempore
555 3901 619 3941 vero
631 3890 810 3950 entenicaenu,
823 3889 877 3940 imo
911 3904 950 3941 cc.
963 3891 988 3952 3,
1004 3893 1032 3940 17
1044 3891 1125 3952 ostiu,
1142 3891 1183 3948 25,
1196 3890 1228 3940 26
1240 3888 1282 3950 (P.
1300 3887 1332 3938 L.
1353 3889 1374 3938 t.
1388 3887 1476 3940 XCV.

326 3978 876 4042 etvictorisatatisuperiorasiinseri-
911 3993 956 4043 pp.
989 3980 1043 4039 119,
1074 3980 1129 4039 143,
1160 3981 1205 4030 158
1234 3979 1313 4040 sqq-i·
1349 4004 1384 4014 -
1414 3979 1477 4028 Clr.

327 4069 414 4133 ptioni
426 4069 539 4120 credere
556 4067 630 4128 licet,
647 4067 820 4119 referendum
837 4069 879 4119 est
912 4067 998 4120 Surrn
1019 4067 1066 4130 (J.)
1090 4067 1131 4118 De
1149 4069 1337 4117 controuersiis
1357 4081 1424 4128 quw
1445 4072 1477 4119 in

328 4161 511 4224 fragmentum
528 4157 595 4208 illud
610 4179 621 4200 a
635 4157 881 4220 Ancumrquipost
913 4159 1021 4208 ecelesia
1048 4159 1201 4208 acciderant
1229 4158 1262 4205 ile
1292 4156 1480 4209 celebratione

328 4243 878 4311 discipulosDomiuiepiscopusluitLep-
912 4243 1056 4298 Panchaeis
1067 4247 1108 4311 (P.
1122 4245 1152 4296 L.
1167 4249 1186 4297 t.
1203 4246 1248 4296 cit.
1264 4259 1290 4308 p.
1304 4245 1372 4308 317).
