3180 5134
344 403 380 462 ¹4
833 423 953 470 urano.
976 413 1016 466 Β.

345 595 545 652 servationem
561 589 709 654 habuisse,
725 589 883 658 propterea
895 589 973 658 quod
988 589 1087 644 nullus
1099 605 1139 646 ex
1150 592 1311 661 aposuns,
1329 592 1364 648 ut
1377 593 1452 658 dixi,
1465 591 1499 648 do

344 692 396 747 illo
409 691 484 746 sesto
499 688 660 758 quidquam
677 686 742 754 lege
754 687 893 742 sancivit.
915 685 998 750 Quod
1016 701 1089 741 vero
1101 686 1166 755 jam
1182 689 1251 743 inde
1265 703 1285 744 a
1302 690 1411 758 priscis
1428 691 1497 744 tem·

343 788 465 858 fioribus
474 801 512 840 ex
523 800 578 840 usu
590 784 688 852 potius
698 797 787 851 quam
797 798 835 838 ex
846 784 910 852 lege
920 784 1089 838 observatio
1100 786 1158 840 ista
1167 786 1356 855 profluxerit,
1367 801 1418 842 res
1430 788 1498 857 ipsae

343 884 507 940 declarant.
521 881 635 935 Etenim
647 880 676 933 in
686 880 755 934 Asia
765 881 880 934 minore
889 881 1014 950 plurimi
1025 882 1190 950 antiquitus
1200 883 1340 952 quartum
1351 883 1498 938 decimum

343 981 421 1035 diem
435 977 644 1041 observarunt,
658 976 793 1045 neglecto
803 978 922 1032 Sabbati
937 977 995 1032 die.
1011 977 1094 1042 Quod
1107 977 1179 1032 dnm
1192 979 1336 1046 lacerent,
1348 995 1497 1050 nunquam

344 1077 444 1130 mmen
458 1073 496 1128 ab
509 1071 576 1128 aliis
588 1074 639 1141 qui
653 1073 713 1126 alio
730 1072 818 1127 modo
837 1073 951 1128 Pascha
971 1073 1174 1140 celebrabant,
1190 1089 1255 1131 sese
1273 1077 1495 1145 abjunxernnt:

348 1174 444 1228 donee
458 1173 560 1226 l'ictor
571 1173 713 1225 Romanae
726 1171 975 1242 urbisepisoopus
988 1172 1147 1228 immodico
1159 1173 1321 1229 hacnndiae
1337 1189 1496 1230 succensus

345 1273 435 1336 aestu,
451 1269 727 1335 Quartodecimanis
740 1269 790 1337 qui
803 1269 834 1324 in
846 1271 916 1325 Asia
925 1271 1023 1336 erant,
1037 1271 1353 1327 excommunicationis
1366 1273 1495 1328 libellum

342 1367 432 1424 misit.
447 1369 511 1431 Qno
531 1367 620 1432 facto,
640 1368 779 1432 lrenaeuS,
795 1366 928 1436 Lugduni
943 1368 1107 1424 Galliarum
1125 1368 1209 1424 urbis
1221 1368 1391 1438 episeopus
1403 1371 1495 1426 lieto-

341 1479 407 1520 rem
426 1479 480 1534 per
499 1463 655 1532 epistolam
677 1463 811 1532 graviter
831 1465 1027 1532 perstrinxit:
1046 1467 1194 1520 acriorem
1212 1465 1278 1534 ejus
1294 1465 1440 1534 impetum
1453 1479 1496 1520 re·

342 1560 536 1630 prehendens,
551 1561 698 1628 simulque
711 1559 870 1616 ostendens
885 1565 1067 1617 uetustiores
1080 1565 1131 1632 qni
1144 1564 1263 1618 diverso
1275 1564 1357 1618 inter
1369 1579 1403 1620 se
1416 1577 1494 1618 more

340 1659 449 1713 lesum
468 1656 590 1713 Paschae
607 1656 807 1721 celebrabant,
829 1673 847 1712 a
867 1661 971 1715 mutuo
991 1661 1199 1715 communione
1212 1673 1403 1728 nequaquam
1416 1673 1492 1728 sepa

340 1755 423 1810 ratos
436 1753 535 1810 luisse.
552 1757 589 1808 Et
602 1753 801 1822 Polycarpum
814 1756 984 1825 episcopum
1005 1753 1150 1824 Smyrnae,
1165 1758 1215 1825 qui
1228 1757 1332 1826 postea
1346 1757 1490 1812 Gordiano

340 1853 496 1922 imperium
516 1853 666 1908 obtinente
685 1853 864 1922 martyrium
878 1869 1035 1925 perpessus
1053 1855 1110 1920 est,
1130 1869 1199 1910 cum
1218 1855 1341 1910 Aniceto
1356 1857 1490 1923 episcopo

340 1949 472 2004 Romarm
485 1950 729 2014 communicasse,
744 1950 914 2006 nullatenus
925 1951 962 2006 ab
973 1966 1008 2006 eo
1018 1951 1209 2007 dissidentem
1220 1951 1310 2020 hujus
1320 1950 1489 2006 festivitatis

339 2061 440 2113 causa,
463 2049 598 2116 quamvis
622 2048 686 2116 ipse
703 2047 794 2116 Juxta
816 2049 953 2118 patrium
980 2064 1094 2104 morem
1120 2048 1307 2118 smyrnensis
1334 2048 1487 2112 Ecclesiae,

338 2141 561 2210 quartodecimo
574 2143 621 2196 die
637 2142 752 2198 Pascha
768 2143 945 2210 celebraret,
960 2145 994 2200 ut
1008 2149 1037 2199 in
1051 2145 1153 2214 quinto
1166 2145 1386 2201 Ecclesiasticae
1397 2146 1488 2201 ilisto-

339 2238 392 2291 riae
407 2239 498 2294 tradit
511 2239 664 2294 Eusebius.
681 2239 806 2303 Quidam
819 2255 889 2295 vero
903 2241 932 2295 in
947 2241 1076 2296 Orientis
1086 2241 1220 2310 partibus
1231 2241 1359 2296 Sabbato
1373 2241 1486 2311 quidem

337 2335 366 2391 id
381 2336 489 2390 festum
510 2336 647 2404 agebant,
668 2335 718 2389 sed
740 2335 769 2390 in
789 2351 891 2392 mense
909 2337 1126 2406 discrepabant.
1147 2340 1222 2392 Nam
1239 2337 1283 2392 illi
1302 2338 1422 2408 quidem
1441 2340 1487 2392 lu·

336 2433 427 2498 daeos,
442 2432 512 2487 licet
524 2433 662 2487 exactam
676 2432 810 2500 regulam
826 2448 883 2487 non
894 2435 1061 2500 servarent,
1077 2433 1107 2488 in
1120 2435 1176 2489 hac
1189 2435 1352 2492 festivitate
1369 2451 1486 2506 sequen·

336 2533 390 2588 dos
411 2547 475 2587 csse
497 2531 642 2587 dicebant.
668 2531 704 2585 lli
724 2547 795 2586 vero
817 2533 885 2601 post
910 2533 1119 2602 aequinoctium
1143 2533 1258 2588 Pascha
1279 2533 1484 2598 celebrabant,

336 2631 425 2688 simul
439 2645 507 2686 cum
527 2629 637 2684 ludaeis
651 2629 680 2684 id
700 2630 810 2684 festum
823 2645 912 2700 agere
932 2631 1114 2700 respuentes.
1130 2631 1243 2701 Quippe
1262 2632 1416 2688 affirmant
1427 2631 1485 2687 sole

336 2729 365 2784 in
388 2729 486 2784 Ariete
508 2726 669 2782 constituto
689 2727 717 2781 id
747 2727 856 2781 festum
879 2727 1021 2796 perpetuo
1043 2726 1189 2782 celebrari
1211 2727 1365 2796 oportere,
1390 2741 1485 2783 mense

336 2839 424 2894 quem
435 2823 615 2878 xanthicum
628 2822 855 2889 Antiochenses
869 2824 999 2892 aprilem
1021 2823 1144 2878 Romani
1158 2825 1276 2879 vocant.
1296 2825 1395 2894 Atque
1410 2825 1439 2879 in
1452 2838 1483 2878 eo

335 2923 418 2992 sequi
433 2937 475 2986 se,
491 2936 548 2976 non
562 2919 742 2976 recentiores
760 2919 888 2986 ludaeos,
912 2921 962 2988 qui
981 2917 1091 2988 ubique
1107 2919 1169 2974 sere
1189 2919 1421 2988 hallucinantur,
1435 2919 1482 2976 sed

335 3020 514 3075 vetustiores
526 3018 557 3073 et
569 3017 740 3086 losepbum.
759 3017 806 3072 Sic
823 3017 902 3072 enim
921 3017 970 3072 ille
994 3017 1129 3072 intentio
1145 3015 1336 3072 ludaicarum
1357 3017 1483 3086 Antiqui·

334 3117 432 3172 tatum
445 3116 521 3170 libro
541 3115 686 3184 scriptum
705 3113 836 3182 reliquit.
852 3115 888 3170 Et
906 3115 955 3170 isti
970 3115 1091 3184 quidem
1104 3113 1160 3169 hoc
1180 3113 1268 3168 modo
1284 3114 1364 3169 inter
1381 3129 1413 3170 se
1430 3114 1482 3167 dis-

335 3212 518 3277 sentiebant;
533 3211 639 3280 reliqui
653 3211 754 3264 autem
767 3224 871 3265 omncs
885 3211 921 3266 ad
938 3211 1104 3266 Occidentis
1117 3209 1218 3278 partes
1232 3209 1263 3264 el
1281 3211 1379 3279 ipsum
1394 3221 1482 3278 usqne

335 3309 501 3372 Oceanum,
522 3306 589 3376 post
611 3295 820 3376 aequinoctium
845 3323 883 3361 ex
903 3309 1026 3376 antiqua
1044 3306 1170 3376 quadam
1190 3306 1350 3362 traditione
1372 3306 1480 3362 Pascha

332 3404 497 3460 celebrasse
514 3403 783 3473 deprehenduntur.
803 3404 837 3457 lli
856 3403 934 3457 enim
953 3417 1065 3470 omnes,
1080 3403 1117 3457 ad
1134 3402 1214 3457 hunc
1236 3402 1357 3457 modum
1371 3399 1480 3457 Pascha

333 3500 519 3570 peragentes,
543 3513 693 3570 nunquam
714 3499 792 3554 inter
810 3514 842 3554 se
859 3499 1072 3555 dissenserunt.
1093 3502 1194 3568 Neque
1209 3500 1299 3566 enim,
1315 3500 1349 3557 ut
1365 3499 1478 3570 quidam

332 3594 505 3651 calumniati
520 3595 600 3662 sunt,
619 3594 777 3651 concilium
791 3596 974 3650 Constantini
991 3596 1174 3665 temporibus
1190 3596 1325 3653 habitum
1339 3597 1478 3653 festivita-

331 3694 392 3750 tem
409 3693 498 3750 istam
512 3692 719 3748 commutarit.
736 3693 852 3748 Etenim
871 3695 1081 3748 Constantinus
1098 3696 1161 3762 ipse
1173 3693 1211 3750 ad
1224 3709 1275 3750 eos
1289 3695 1419 3752 scribens
1432 3693 1477 3762 qui

333 3789 362 3844 in
378 3789 467 3858 huJ'us
479 3789 547 3844 sesti
562 3789 759 3844 celebratione
779 3789 856 3845 inter
876 3804 908 3845 se
922 3789 1114 3856 dissidebant,
1130 3789 1269 3848 bortatur
1285 3793 1329 3859 ut,
1345 3807 1412 3848 cum
1427 3790 1476 3860 ipsi

332 3887 488 3957 pauciores
507 3887 576 3952 sint,
596 3886 670 3942 alios
690 3887 853 3954 sequantur
877 3887 928 3955 qui
952 3887 1022 3942 sunt
1044 3901 1167 3941 numero
1189 3886 1300 3956 plures.
1326 3889 1364 3944 Et
1389 3889 1475 3957 ipsam

333 3983 452 4054 quidem
467 3983 654 4053 imperatoris
670 3983 826 4051 epistolam
847 3983 876 4038 in
894 3983 983 4038 tertio
997 3984 1114 4039 Eusebii
1128 3984 1204 4038 libro
1217 3983 1254 4038 de
1266 3985 1334 4040 Vita
1344 3985 1476 4041 constan·

329 4082 385 4136 tini
396 4081 542 4150 integram
553 4079 727 4150 reperies...
739 4080 886 4136 Caeternm
896 4079 1154 4144 Quartodecimum
1165 4079 1383 4136 observantiam
1394 4091 1473 4148 quar-

331 4177 461 4234 tidecimi
481 4179 539 4234 diei
558 4181 701 4234 aloanne
717 4177 856 4247 apostolo
870 4177 925 4233 sibi
939 4176 1081 4233 traditam
1097 4191 1163 4232 esse
1176 4177 1336 4232 affirmant.
1358 4171 1473 4232 Romani

332 4290 416 4343 vero,
431 4278 461 4332 et
474 4277 523 4346 qui
536 4275 702 4332 Occidentis
715 4275 815 4344 partes
829 4273 971 4340 incolunt,
983 4274 1225 4330 consuetudinem
1235 4288 1302 4343 quaa
1311 4272 1388 4343 apud
1401 4273 1473 4340 ipsos

336 4375 428 4444 viget,
444 4389 458 4428 a
475 4375 568 4429 Paulo
582 4375 730 4441 Petroque
744 4371 892 4441 apostolis
908 4371 1056 4440 accepisse
1078 4386 1111 4426 so
1130 4371 1239 4426 dicunt.
1261 4370 1366 4425 Neutri
1382 4369 1471 4426 umen
