3208 5150
317 464 385 510 car.
409 466 427 508 ι.
449 464 570 520 suanus
591 464 618 508 n
639 461 847 508 mnruormsn
870 463 982 508 essum.
1192 447 1229 510 ti

27 641 72 720 na
138 636 173 718 4.
196 638 329 716 Asiani
356 637 471 738 igitur
498 635 652 737 epulum
681 634 869 746 Paschale
893 636 1022 712 eodem
1051 660 1137 713 curn
1161 638 1229 714 Ju-

27 757 70 830 'tri
94 771 172 848 dreis
187 771 246 848 die
263 773 443 874 agebant,
462 770 590 872 sicque
602 769 792 870 jejunium
811 769 965 871 majoris
988 769 1230 848 hebdomadae

27 894 64 967 tit
81 909 418 1012 interrumpebant.
451 909 577 985 Finito
602 911 729 986 autem
753 908 823 984 hoe
849 909 1036 998 convivio,
1068 909 1115 987 ad
1134 911 1230 1011 jeju·

29 1057 66 1128 il:
94 1050 186 1126 rium
203 1049 372 1127 solemne
389 1049 559 1125 redibant
576 1051 613 1147 (ι)
640 1046 808 1149 illudque
824 1049 1092 1127 continuabant
1113 1076 1231 1152 usque

27 1169 67 1242 li
94 1183 296 1261 intertium
319 1183 432 1272 diem,
452 1207 526 1285 qua
552 1181 690 1259 festum
713 1183 999 1259 resurrectionis
1025 1183 1231 1260 Dominicae

92 1318 338 1407 celebrabant,
375 1318 415 1392 in
448 1341 722 1419 quamcumque
756 1318 871 1393 etiam
905 1316 1085 1394 incideret
1119 1317 1229 1420 septi-

30 1477 57 1515 r
94 1475 203 1528 nranae
220 1451 335 1528 diem.
353 1449 561 1528 Christiani
580 1475 671 1527 vero
688 1450 754 1528 alii
777 1455 814 1528 et
837 1451 974 1528 festum
994 1452 1232 1529 resurrectio

29 1603 53 1674 rs
92 1583 141 1660 nis
165 1585 376 1662 Dominioae
396 1585 558 1686 agebant
586 1589 670 1689 post
695 1585 826 1662 lunam
849 1585 1031 1663 decimam
1058 1590 1231 1689 quartam

48 1696 69 1776 1'
92 1719 193 1819 primi
212 1719 354 1795 mensis
374 1723 411 1796 et
429 1743 534 1796 esum
555 1721 644 1821 agni
667 1719 855 1822 paschalis
878 1720 1059 1821 usquead
1085 1725 1230 1798 noctem

27 1851 68 1924 i2³
93 1878 168 1953 quae
185 1852 295 1930 illam
313 1853 556 1930 festivitatem
574 1853 806 1956 praecedebat
822 1841 1054 1933 differebant.

35 2012 66 2107 l?
138 2023 175 2108 ὄλ
202 2029 296 2106 Tria
322 2030 449 2131 itaque
470 2030 646 2108 videntur
667 2032 707 2106 in
731 2029 797 2108 illa
814 2032 1069 2109 controversia
1089 2032 1233 2132 agitata

27 2155 55 2200 ‘²³²
93 2187 178 2253 csse,
197 2166 381 2242 nimirum
403 2196 410 2241 :
434 2172 469 2242 l⁰
484 2167 584 2245 Num
603 2165 830 2246 Christianis
848 2166 1062 2244 conveniret
1079 2165 1231 2269 epulum

29 2427 42 2462 r
57 2406 60 2415 ’
94 2423 149 2460 rum
162 2413 341 2464 tribuendum
359 2413 395 2464 sit
411 2413 453 2463 illi
465 2413 567 2480 regula
579 2413 644 2465 tidsi
679 2437 691 2456 a
705 2413 810 2464 Ceteris
822 2427 873 2478 ego
890 2413 961 2475 dico,
975 2428 1029 2466 non
1046 2413 1189 2465 Dominus.
1204 2413 1232 2464 Si

27 2484 60 2580 ,¹¹
94 2511 171 2559 riuum
188 2501 325 2553 Catholici
343 2502 371 2552 in
393 2503 544 2567 apostolica
559 2504 644 2555 tradi·
680 2503 767 2567 equis
783 2503 868 2554 irater
885 2517 1000 2557 uxorem
1016 2505 1117 2555 habeat
1133 2504 1230 2554 innue-

27 2589 29 2608 ¹
53 2594 58 2645 i
93 2592 162 2645 tione
178 2596 320 2660 reponunt
333 2611 340 2646 ε
354 2596 455 2647 etenim
467 2597 496 2648 in
512 2597 641 2661 prasenti
675 2619 687 2638 ν
701 2597 766 2658 lem,
776 2597 871 2648 ethaeo
881 2598 1019 2648 consentit
1031 2598 1156 2648 habitare
1169 2611 1231 2647 curn

27 2693 33 2738 Γ
91 2690 287 2752 controversia,
313 2691 405 2750 aiunt,
434 2694 550 2755 utraque
577 2705 641 2756 pars
676 2690 761 2753 willo,
779 2705 834 2743 oon
854 2691 1096 2744 dimittatillam...
1116 2691 1231 2750 Quodsi

80 2790 163 2839 ,aquo
177 2782 243 2843 jure
264 2781 445 2845 apostolicam
467 2782 642 2834 traditionem
677 2803 689 2824 n
703 2780 1231 2842 infidelisdiscedihdiscedst.»3⁰Tan·

28 2865 29 2872 ’
91 2871 288 2932 praetendebat,
317 2871 508 2924 occidentales
536 2872 641 2924 scilicet
675 2872 736 2924 dem
749 2872 886 2929 latissimo
904 2887 987 2924 sensu
1003 2873 1058 2923 dici
1071 2874 1186 2936 possunt
1198 2885 1232 2922 ex

27 2975 32 2991 ³
89 2957 261 3010 traditionem
278 2973 295 3010 a
312 2960 395 3012 Petro
413 2963 440 3012 et
458 2961 544 3012 Paulo
564 2975 640 3012 acce·
673 2961 826 3026 apostollca
841 2962 991 3014 traditione
1007 2961 1104 3012 haberi
1117 2974 1152 3011 ea
1170 2973 1232 3022 quse

27 3115 28 3120 ἵ
47 3081 48 3084 ¹
91 3049 170 3108 ptam,
187 3049 285 3101 Asiani
302 3051 513 3102 veroaJoanne
530 3053 558 3102 et
574 3051 638 3102 Phi·
675 3053 710 3102 ab
720 3051 853 3116 apostolis
862 3053 1008 3103 observate
1016 3052 1057 3103 vel
1068 3052 1150 3103 etiam
1159 3064 1230 3101 com-

46 3185 47 3194 ,
92 3133 170 3198 lippo.
194 3139 249 3191 Sed
279 3139 360 3190 facile
383 3139 417 3190 R.
447 3139 507 3192 Hoc
530 3142 642 3192 verbum
677 3141 992 3192 mendataautlaudata
1009 3144 1126 3192 sunt—
1143 3141 1231 3205 liujus

95 3221 211 3278 Traditio
226 3228 383 3292 Apostottca
399 3229 639 3294 multiplicisensu
674 3229 765 3280 ultimi
787 3231 898 3295 generis
926 3233 986 3283 orat
1014 3231 1125 3282 traditio
1149 3245 1230 3292 quarn

91 3319 214 3383 usurpari
229 3321 328 3384 potest.
343 3319 453 3370 Scilicet
467 3322 492 3371 l⁰
505 3319 642 3372 Strictiori
675 3320 861 3371 obtendebant
878 3319 985 3382 Asiani,
999 3321 1130 3384 quidquid
1149 3321 1185 3370 sit
1198 3321 1231 3370 de

92 3421 170 3459 sensu
187 3409 382 3474 complectitur
397 3421 429 3459 ea
445 3423 505 3471 quae
523 3409 552 3459 in
568 3409 628 3460 Scri
676 3408 725 3459 illa
757 3421 811 3471 qua
839 3409 999 3460 nitebantur
1026 3409 1230 3471 occidentales,

42 3489 43 3495 ’
93 3497 178 3560 pluris
195 3513 250 3548 non
268 3497 438 3562 consignata,
457 3499 491 3548 ab
510 3498 642 3562 apostolis
673 3511 758 3572 ¹qussrn
772 3498 860 3562 magis
869 3500 990 3563 proprie,
1002 3512 1099 3563 nempe
1111 3500 1231 3550 secundo

93 3593 230 3652 tamquam
244 3603 261 3639 a
278 3588 336 3640 Deo
354 3587 476 3639 revelata
492 3591 520 3640 et
537 3589 591 3640 tide
603 3589 642 3638 di·
678 3601 771 3650 sensu,
790 3588 968 3640 traditionem
984 3587 1162 3653 apostolicam
1179 3587 1231 3639 dici

40 3658 42 3667 '
94 3677 153 3728 vina
179 3678 318 3730 credenda
347 3678 475 3730 fidelibus
503 3679 645 3742 proposita
678 3678 776 3729 debere
796 3677 882 3741 aliqui
901 3678 985 3742 (inter
1003 3691 1072 3741 quos
1088 3677 1150 3729 Nat.
1168 3678 1231 3728 Ate-

37 3796 40 3815 ,
93 3771 154 3818 sunt
171 3785 177 3818 :
195 3771 222 3820 et
243 3769 300 3820 haee
317 3768 377 3819 sola
396 3770 438 3820 esi
455 3768 551 3834 regula
571 3769 645 3819 fidei.
680 3769 793 3832 sunder)
806 3768 983 3819 contendunt.

94 3860 121 3908 2⁰
132 3859 235 3910 Latiori
248 3873 331 3910 sensu
348 3859 451 3910 indicat
464 3873 496 3910 ea
508 3873 568 3922 quse
580 3873 644 3922 apo·
713 3859 743 3922 tr)
763 3858 880 3917 Quidam
895 3858 988 3908 tumen
1008 3855 1166 3908 existimant
1186 3857 1234 3908 illo

34 3996 36 4011 ,
96 3949 156 3998 stoli
172 3949 284 3999 nomine
304 3961 355 3998 suo
372 3949 399 3999 et
419 3948 522 4012 Spiritu
544 3947 644 3998 Sancto
679 3947 802 3999 convivio
812 3947 884 4011 apud
894 3945 1155 4009 Asianosjciuniurn
1167 3960 1233 4008 qua-

31 4086 36 4112 :
95 4041 200 4101 quidem
218 4040 376 4102 assistent-e,
394 4053 448 4090 non
466 4041 557 4090 tamen
577 4041 645 4089 tsm-
680 4038 863 4103 dragesimale
891 4052 946 4088 non
975 4039 1081 4088 tantum
1115 4037 1233 4087 interru-

30 4178 33 4195 ,
94 4145 170 4191 <poam
187 4147 204 4182 a
220 4131 278 4181 Deo
295 4131 426 4192 revelata,
442 4130 645 4180 constituerunt
678 4107 817 4193 ptum‚sed
827 4131 855 4180 et
864 4127 976 4179 omnino
984 4125 1159 4177 terminatum
1171 4125 1234 4174 tuis-

29 4228 31 4249 ¹
51 4210 56 4221 '
94 4225 119 4271 et
130 4222 258 4273 fidelibus
269 4222 472 4286 proposuerunt
482 4221 507 4271 vi
520 4220 638 4272 nrrctori-
675 4234 712 4272 se.
722 4219 921 4272 Cuisentcntiae
931 4219 1024 4282 utique
1034 4217 1232 4268 videtur-aristi-

96 4313 156 4362 tatis
178 4311 326 4377 peculiaris
349 4325 433 4374 quam
459 4324 493 4361 ex
515 4311 647 4361 missione
681 4310 770 4375 pulani
784 4310 919 4361 Eusebius
937 4305 1051 4360 exordio
1069 4303 1235 4356 narrationis

96 4409 305 4474 suaapostolica
316 4409 466 4460 habebant.
481 4408 567 4467 Quale
577 4408 650 4457 ride-
686 4422 743 4460 suae
755 4408 888 4475 (Appeud.
903 4421 928 4470 p.
943 4401 979 4465 6).

96 4503 139 4549 tur
154 4497 225 4549 illud
240 4497 322 4550 Pauli
339 4498 360 4548 1.
377 4496 440 4548 Cor.
457 4509 501 4548 vn.
520 4499 550 4548 12
566 4512 625 4560 sqq.
641 4513 647 4550 :
