3154 5134
312 435 370 494 262
541 453 612 499 mss.
636 453 665 499 v.
689 455 725 499 oc
745 455 887 502 conruov.
907 456 988 502 cruca
1010 455 1090 502 nam.
1114 455 1224 500 saner.

311 612 569 689 tantummodo
588 614 747 714 jussisse
772 623 816 695 ut
840 617 936 694 nihil
954 617 1202 694 innovaretur
1227 616 1347 718 quoad
1369 639 1450 718 pra-

314 747 409 824 xim«
435 749 535 825 Nam
563 786 601 833 a.
629 752 844 856 Cyprianus
874 760 912 832 et
940 754 1188 831 Firmilianus
1218 759 1318 832 certe
1346 755 1451 832 istam
1544 726 1545 732 Ν

315 885 559 986 quaestionem
582 893 776 992 tamquam
793 891 1044 992 dogmaticam
1071 894 1285 968 tractarunt
1301 895 1338 968 et
1356 891 1451 994 prin-

313 1019 454 1121 cipium
483 1021 738 1122 dogmaticum
767 1025 914 1102 decreto
946 1025 1129 1127 Stephani
1154 1025 1350 1101 definitum
1377 1049 1453 1101 esse

316 1156 582 1237 intellexerunt
596 1163 646 1260 (ι).
664 1161 714 1238 Et
730 1161 946 1239 confirmari
960 1162 997 1238 id
1011 1165 1133 1264 potest
1145 1186 1191 1238 ex
1203 1161 1250 1237 iis
1264 1186 1348 1263 quae
1360 1164 1453 1237 attu-

316 1291 429 1368 limus
460 1293 572 1395 paulo
603 1321 718 1398 supra
744 1300 795 1396 (a),
827 1297 891 1375 ubi
917 1297 1093 1398 rejiciunt
1121 1299 1382 1396 argumentum
1411 1317 1454 1369 ex

318 1428 586 1506 consuetudine
615 1430 828 1507 deductum.
865 1433 963 1508 Nam
993 1430 1024 1505 si
1055 1429 1332 1504 existimassent
1359 1451 1453 1528 quaa

316 1561 477 1638 stionem
500 1563 683 1664 agitatam
707 1590 787 1642 esse
811 1590 912 1642 mere
935 1562 1228 1666 disciplinarem‚
1250 1565 1350 1637 certe
1373 1585 1454 1636 con-

317 1697 474 1775 suetudo
517 1699 770 1779 ecclesiastica
813 1702 921 1804 quasi
962 1698 1189 1778 universalis
1230 1704 1267 1777 et
1307 1699 1457 1799 antiqua

317 1833 477 1933 (etiamsi
503 1860 577 1912 non
605 1838 779 1917 instituta
801 1840 848 1916 ab
875 1813 1065 1941 apostolis)
1090 1836 1321 1939 praecipuum
1346 1834 1456 1938 quod-

318 1968 406 2045 dam
440 1975 706 2070 argumentum
741 1972 874 2049 fuisset
907 1971 954 2048 ad
990 1995 1073 2047 eam
1107 1969 1375 2047 resolvendam.
1412 2011 1456 2022 -

315 2121 349 2187 b.
368 2107 546 2185 Definitio
561 2108 815 2212 disciplinaris
829 2107 1056 2211 inpraesenti
1075 2105 1233 2182 materia
1250 2129 1323 2181 non
1336 2103 1455 2179 minus

318 2240 366 2317 ad
396 2241 582 2342 objectum
613 2243 894 2322 infallibilitatis
920 2243 1130 2345 pertinebat
1158 2265 1271 2343 quam
1296 2238 1455 2316 definitio

318 2377 533 2479 dogmatica
553 2383 602 2479 (a).
625 2427 672 2436 —
689 2413 720 2462 e.
740 2382 921 2483 Denique,
941 2378 1089 2456 etiamsi
1106 2377 1260 2455 daretur
1280 2376 1342 2477 agi
1359 2375 1402 2450 de
1418 2397 1457 2448 re

319 2537 420 2589 mere
450 2513 697 2616 disciplinari,
733 2517 819 2594 inde
847 2518 1139 2617 consequeretur
1169 2539 1231 2590 eos
1262 2514 1458 2613 denegasse

318 2646 491 2726 Romano
516 2650 692 2727 Pontifici
718 2655 938 2755 potestatem
965 2648 1153 2727 statuendi
1179 2648 1224 2724 de
1244 2647 1290 2723 iis
1314 2671 1395 2749 quae
1411 2643 1456 2720 ad

316 2782 569 2860 universalem
587 2785 753 2862 ecclesiae
771 2785 1010 2887 disciplinam
1028 2783 1228 2887 pertinent,
1248 2805 1292 2857 ac
1309 2776 1459 2881 proinde

316 2920 397 3020 ejus
411 2918 616 3021 primatum
628 2922 904 3023 jurisdictionis
926 2952 933 2997 :
955 2922 987 2997 is
1004 2924 1131 2997 autem
1148 2942 1254 3019 aeque
1270 2916 1458 3018 perspicue

316 3055 414 3131 inter
435 3055 635 3158 privilegia
664 3059 851 3136 Romanae
880 3058 978 3134 sedis
1003 3081 1026 3133 a
1056 3052 1252 3132 catholicis
1283 3049 1459 3128 asseritur

317 3195 429 3292 atque
459 3191 722 3284 infallibilitas
749 3220 793 3272 ac
817 3194 972 3298 proinde
995 3193 1059 3294 qui
1084 3188 1300 3291 hujusmodi
1326 3187 1458 3290 prima·

318 3328 400 3402 tum
431 3350 496 3403 seu
517 3328 582 3428 jus
612 3310 811 3404 definiendi
841 3325 1065 3430 quaestiones
1094 3321 1353 3424 disciplinares
1376 3317 1459 3412 hnic

319 3459 397 3536 sedi
427 3459 600 3563 denegat,
635 3487 709 3538 non
739 3462 864 3538 minus
894 3460 950 3536 illi
981 3455 1289 3536 infallibilitatem
1313 3478 1378 3529 seu
1400 3451 1460 3552 jus

322 3593 523 3671 definiendi
563 3595 788 3697 quaestiones
830 3592 1060 3694 dogmaticas
1101 3590 1286 3689 denegare
1319 3607 1461 3663 censen·

320 3728 391 3806 dus
409 3734 476 3807 est.

375 3897 415 3981 6.
434 3901 563 4003 Neque
581 3903 695 4004 juvat
719 3927 896 4004 reponere
918 3908 958 3978 2⁰
980 3897 1112 3976 saltem
1135 3894 1371 3996 Stephanum
1389 3917 1463 3968 rem

325 4061 398 4113 non
424 4035 637 4113 definivisse
660 4063 706 4114 ex
729 4037 910 4115 cathedra
933 4039 983 4136 (4).
1012 4035 1123 4120 Nam,
1149 4029 1330 4132 quidquid
1353 4029 1402 4106 sit
1422 4027 1463 4102 dc

355 4297 384 4358 (r)
399 4296 454 4346 Csr.
469 4310 552 4362 sopra
564 4298 629 4362 Cap.
644 4297 681 4349 ll.
943 4295 975 4355 (q
985 4294 1039 4346 Cir.
1054 4291 1149 4344 Theol.
1160 4291 1282 4342 Wirceb.
1294 4288 1334 4340 De
1343 4287 1460 4341 Sacram.

354 4389 383 4446 (al
398 4387 461 4450 Huj.
475 4385 539 4450 (lap.
554 4388 588 4437 N.
602 4389 626 4438 2.
911 4388 938 4434 ia
948 4399 1008 4447 pen.
1021 4399 1046 4434 n.
1060 4382 1190 4444 llfidom.
1201 4381 1232 4431 V.
1247 4381 1313 4430 fasc.
1326 4378 1347 4429 l.
1362 4393 1388 4444 p.
1402 4379 1460 4440 loo).

354 4475 386 4542 (a)
399 4477 453 4529 Glr.
468 4491 551 4542 supra
562 4477 627 4541 Cap.
642 4477 676 4527 11.
691 4477 725 4527 N.
739 4479 764 4537 l,
777 4477 813 4526 2⁰.
871 4513 877 4522 .
