3132 5140
236 439 305 484 car.
331 439 372 483 m.
396 437 432 482 os
454 438 490 482 os
510 439 572 494 nos
594 438 656 484 sorr
678 435 829 484 clusimus
851 437 876 480 s.
900 437 1048 483 rourum.
1163 420 1221 480 907

66 604 167 680 sione
198 602 329 680 latina
360 603 466 680 initio
496 603 609 705 hujus
641 606 756 682 Num.
785 602 913 701 relata)
938 599 1067 678 haberi
1091 625 1221 679 vocem

64 750 271 832 ὢαγμάτισεν,
304 739 496 816 existimat
531 739 592 817 hic
626 767 701 818 non
737 740 799 841 agi
837 739 883 816 de
920 738 1053 838 regula
1093 737 1221 840 aliqua

65 873 323 976 disciplinari,
344 899 457 976 quam
474 875 667 952 statuisset
680 871 874 962 Callistus
894 875 956 950 sed
975 875 1020 951 de
1037 875 1221 952 sententia

64 1007 306 1108 dogmatica,
339 1034 413 1110 qua
444 1010 624 1088 refutavit
653 1035 715 1087 eos
749 1009 812 1112 qui
837 1010 919 1110 jam
949 1009 1220 1112 profitebantur

64 1140 264 1240 opiniones
290 1167 386 1244 quas
411 1147 540 1244 postea
560 1143 722 1246 amplexi
747 1148 836 1221 sunt
860 1144 1064 1220 Novatiani
1087 1148 1124 1220 et
1145 1145 1217 1220 Do-

64 1275 217 1352 natistae
243 1308 251 1352 :
273 1278 426 1355 aiebant
450 1279 591 1358 scilicet
613 1280 829 1383 episcopum
847 1281 911 1382 qui
929 1281 1080 1382 aliquod
1098 1281 1218 1359 scelus

64 1412 320 1490 commisisset
339 1419 491 1516 propter
511 1415 609 1516 quod
627 1415 866 1517 deponendus
887 1420 983 1504 erat,
1002 1416 1084 1517 jam
1110 1422 1218 1493 extra

64 1543 265 1624 ecclesiam
288 1572 381 1638 esse,
405 1551 555 1628 etiamsi
580 1551 701 1627 scelus
725 1549 915 1628 occultum
940 1555 977 1627 et
1000 1550 1147 1629 nullum
1172 1555 1217 1630 de

64 1703 102 1753 eo
119 1680 346 1759 institutum
364 1689 461 1762 esset
476 1685 678 1788 judicium,
702 1689 738 1762 ct
763 1690 1000 1762 sacramenta
1023 1687 1070 1762 ab
1091 1711 1134 1763 eo
1152 1687 1215 1763 ad-

64 1813 284 1894 ministrata
306 1817 448 1895 nullius
471 1845 551 1896 esse
574 1819 729 1906 valoris.
758 1819 883 1906 Quam
906 1817 1054 1896 Callisti
1080 1818 1215 1895 doctri-

65 1975 148 2028 nam
171 1960 310 2031 auctor
331 1959 474 2033 Pbr'los.
496 1982 563 2058 pro
582 1982 686 2033 more
705 1980 772 2032 suo
790 1955 954 2056 maligne
972 1954 1084 2030 nimis
1101 1953 1215 2031 inter-

64 2091 239 2185 pretatus
271 2090 331 2168 sit.
358 2092 476 2168 -Et
513 2091 610 2168 hanc
640 2089 926 2191 explicationem
957 2087 1213 2165 accommodat

66 2219 107 2294 de
126 2221 247 2300 Rossi
265 2226 410 2304 duabus
428 2227 668 2330 sequentibus
686 2225 986 2303 accusationibus
1000 2223 1100 2300 circa
1113 2249 1212 2326 pres-

53 2355 215 2456 ·bpteros
246 2359 415 2460 bigamos
445 2338 488 2438 et
511 2362 613 2438 circa
646 2361 801 2438 clericos
831 2363 1023 2448 uxoratos
1056 2383 1211 2460 eamque

65 2490 203 2589 optime
222 2493 420 2570 confirmat
436 2519 481 2568 ex
500 2493 687 2596 parabolis
705 2517 798 2594 quas
816 2517 839 2568 a
857 2490 1015 2570 Callisto
1033 2491 1080 2567 ad
1103 2515 1210 2567 suam

66 2632 287 2708 sententiam
305 2633 534 2734 probandam
552 2630 733 2733 allegatas
753 2631 866 2708 refert
883 2635 1015 2708 auctor
1028 2633 1171 2706 Platon.
1196 2661 1205 2705 :

66 2765 120 2844 bae
143 2771 248 2848 enim
272 2797 378 2848 secus
400 2773 551 2849 omnino
583 2771 736 2848 insulsae
760 2777 884 2848 essent
907 2776 945 2848 et
970 2795 1207 2872 nequaquam

65 2902 106 2978 ad
139 2929 221 2982 rem
251 2907 296 2982 de
330 2931 405 3008 qua
434 2909 615 3007 agebatur
648 2907 889 3010 pertinentes,
922 2931 1039 3008 quum
1074 2910 1206 2982 contra

8 3129 9 3150 1
64 3063 190 3120 earum
215 3044 311 3120 ratio
341 3043 479 3144 optime
508 3042 745 3144 intelligatur
774 3044 813 3119 in
843 3043 1095 3146 explicatione
1119 3067 1207 3118 mox

8 3177 9 3242 ξ
65 3178 262 3276 proposita,
287 3182 325 3255 et
345 3178 476 3254 iisdem
497 3184 627 3280 postea
644 3180 702 3256 usi
721 3183 809 3254 sunt
832 3181 965 3254 auctor
983 3181 1205 3278 Anonymus

9 3327 10 3330 ’
65 3308 239 3388 adversus
262 3313 518 3390 Novatianum
541 3317 577 3412 (ι)
609 3318 645 3391 et
670 3314 906 3414 Augustinus
929 3312 1110 3388 advorsus
1133 3313 1204 3388 Do-

9 3523 10 3530 *
67 3445 229 3524 natistas.

10 3711 11 3776 i
110 3657 147 3740 8.
174 3680 240 3744 vl.
273 3701 288 3729 u
319 3664 443 3765 Hujus
469 3668 579 3742 aetate
605 3665 825 3766 inceperunt
850 3663 1014 3766 episcopi
1041 3668 1078 3741 et
1102 3687 1202 3764 pres-

69 3798 217 3900 ·bptcri
245 3805 282 3878 et
311 3801 458 3878 diaconi
488 3801 627 3901 bigami
653 3804 690 3877 et
719 3799 873 3900 trigami
900 3799 939 3874 in
964 3798 1112 3875 ordines
1138 3799 1202 3874 ad-

10 3921 11 3930 ¹
70 3935 219 4013 -scisci
255 3973 271 4001 a
296 3936 536 4038 —Antiqua
560 3935 725 4013 ecclcsiae
753 3935 814 4011 lex
841 3937 977 4022 estut
1002 3933 1048 4009 ad
1076 3955 1202 4009 sacros

68 4071 205 4150 ordines
235 4099 309 4150 non
337 4073 587 4150 admittantur
617 4073 644 4149 ii
675 4073 737 4174 qui
770 4071 895 4174 aliquo
927 4068 1035 4145 modo
1061 4067 1201 4167 bigami

97 4439 122 4496 <o
136 4440 166 4494 r.
182 4439 353 4506 11.t.111.p.
368 4441 438 4492 1205.
