3208 5150
358 379 396 442 lh
664 399 734 444 orss.
758 401 777 445 r.
802 400 837 444 nu
859 399 926 445 nou.
950 399 975 444 s.
1000 397 1079 445 norm
1101 396 1191 444 rnrsc.

357 567 409 644 ris
426 568 589 644 Actuum
606 567 870 669 Apostolorum
888 572 925 644 et
947 567 1061 645 Pauli
1086 568 1125 643 in
1148 564 1314 669 epistolis
1338 565 1436 656 suia,
1458 567 1511 644 ud

356 729 545 781 summum
570 705 655 781 inde
680 707 895 782 confirmari
921 713 1046 809 posset
1071 705 1254 783 sententia
1277 728 1409 781 eorum
1437 709 1512 807 qui

356 840 512 917 Petrum
529 839 662 918 ultimo
680 846 826 919 tantum
845 843 933 920 vitae
951 868 1030 919 suae
1047 868 1146 920 anno
1164 841 1329 920 Romam
1352 841 1513 918 venisse

354 981 505 1054 censent
522 979 574 1075 (1),
594 1001 638 1054 ac
655 977 811 1078 proinde
829 975 975 1054 nullum
998 977 1083 1053 inde
1100 981 1367 1079 argumentum
1384 976 1511 1052 habe-

354 1115 417 1188 tur
442 1112 623 1188 adversus
648 1113 729 1212 ejus
755 1112 795 1188 in
813 1113 916 1190 Urbe
939 1113 1073 1190 saltem
1096 1137 1163 1215 pcr
1186 1112 1332 1214 aliquot
1352 1136 1510 1188 menses

354 1246 696 1322 commorationem.
726 1248 918 1325 Praeterea
941 1249 987 1326 ad
1011 1248 1162 1350 singula
1193 1248 1406 1350 responderi
1434 1274 1509 1349 po-

354 1381 437 1456 test.
459 1378 644 1458 Videlicet

402 1555 459 1630 hd
485 1563 530 1632 1¹¹¹
554 1555 602 1632 R.
629 1557 751 1631 Lucas
776 1553 813 1629 in
842 1554 999 1631 Actibus
1025 1554 1117 1630 satis
1144 1558 1319 1630 accurate
1345 1550 1504 1653 quidem

351 1661 469 1791 usipue
490 1689 537 1766 ad
562 1713 643 1790 cap.
670 1689 747 1764 XII
769 1688 924 1766 exordia
944 1688 1112 1765 ecclesiae
1134 1688 1353 1765 christianae
1371 1687 1410 1762 in
1428 1688 1503 1763 Ju-

351 1817 432 1900 daea
453 1829 490 1902 et
507 1824 620 1925 Syria
640 1825 803 1926 exponit.
828 1825 899 1902 Sed
923 1825 1009 1901 inde
1029 1849 1053 1902 a
1070 1850 1152 1926 cap.
1178 1824 1275 1901 XIII
1291 1825 1373 1926 jam
1395 1823 1503 1900 solos

350 1961 495 2037 labores
518 1965 555 2037 et
578 1961 712 2037 itinera
735 1961 847 2038 Pauli
871 1962 1060 2050 describit,
1084 1963 1129 2038 de
1147 1961 1232 2038 aliis
1256 1967 1383 2038 autem
1402 1985 1498 2062 apo-

350 2097 455 2174 stolis
478 2124 552 2175 non
574 2097 688 2175 refert
711 2097 783 2173 nisi
811 2122 856 2174 ea
880 2123 964 2199 quae
986 2121 1070 2173 eum
1094 2094 1207 2173 Pauli
1231 2093 1391 2172 historia
1407 2117 1499 2170 con-

351 2258 445 2310 nexa
471 2237 570 2310 sunt.
600 2232 680 2308 Imo
706 2235 841 2308 elnon
866 2256 986 2334 pauco
1009 2232 1136 2309 omisit
1161 2230 1208 2307 ad
1235 2231 1352 2332 ipsius
1377 2229 1497 2305 Pauli

241 2445 245 2454 ,
351 2365 546 2443 historiam
572 2367 807 2469 pertinentia.
842 2367 904 2444 Sic
935 2367 1029 2443 nihil
1060 2367 1172 2444 habet
1196 2367 1242 2443 de
1271 2364 1383 2443 Pauli
1407 2371 1497 2467 post

349 2504 633 2580 conversionem.
658 2528 765 2578 suam
795 2504 834 2578 in
863 2503 1043 2580 Arabiam
1077 2503 1300 2591 secessione,
1333 2502 1378 2577 de
1408 2503 1495 2603 ejus

349 2605 471 2713 reditu
498 2637 724 2714 Damascum
751 2641 787 2712 et
812 2661 1014 2738 congressu
1040 2663 1127 2714 cum
1152 2636 1331 2739 apostolis
1358 2636 1496 2714 Hiero-

349 2772 520 2875 solymis;
555 2772 649 2848 nihil
679 2772 723 2848 de
753 2777 809 2850 tot
838 2773 999 2874 flagellis
1025 2779 1062 2852 et
1091 2773 1301 2874 naufragiis
1330 2770 1495 2873 aliisque

348 2909 642 2996 discrIminibus3
675 2906 769 2982 nihil
799 2907 844 2982 de
876 2906 1162 3008 reprehensione
1193 2905 1332 3008 Gephae
1361 2929 1492 2981 coram

348 3042 503 3120 ccclesia
520 3043 755 3120 Antiocheno
776 3073 783 3117 :
805 3067 889 3143 quae
906 3043 1032 3119 omnia
1048 3068 1072 3118 a
1089 3040 1212 3118 Paulo
1231 3041 1310 3142 ipso
1329 3064 1491 3116 commo-

347 3183 543 3255 morantur
560 3181 610 3276 (a).
634 3178 742 3267 Quod
760 3181 886 3255 autem
905 3179 1042 3254 Petrus
1057 3177 1180 3254 Paulo
1195 3177 1361 3254 Romam
1379 3176 1492 3252 adve-

347 3314 465 3391 nienti
491 3298 640 3391 obuiam
667 3339 740 3391 non
767 3315 892 3402 iverit,
921 3318 1058 3416 praetor
1083 3312 1179 3389 alias
1209 3311 1373 3387 rationes
1403 3333 1491 3410 quse

347 3449 473 3526 afferri
505 3453 672 3550 possunt,
706 3449 771 3526 illa
801 3448 965 3526 sufficiat
994 3448 1092 3550 quod
1121 3447 1218 3524 forte
1246 3450 1336 3523 tune
1362 3444 1492 3522 Roma

345 3585 486 3660 aberat.
518 3584 700 3671 Quamvis
724 3585 837 3674 onim,
862 3584 1068 3661 secundum
1091 3582 1304 3684 opinionem
1324 3605 1409 3682 quae
1432 3581 1491 3656 vi-

346 3717 455 3793 detur
477 3717 718 3820 probabilior,
743 3720 881 3796 Petrus
903 3717 1085 3820 vigesimo
1108 3721 1211 3793 sexto
1233 3719 1323 3792 ante
1344 3713 1490 3790 obitum

346 3877 457 3928 suurn
475 3877 572 3930 anno
592 3854 755 3931 Romam
779 3853 924 3930 venerit
944 3853 1099 3953 ejusque
1117 3847 1283 3926 ecclesiae
1300 3845 1491 3948 episcopa-

344 3989 426 4062 tum
444 3987 660 4089 susceperit,
677 4011 913 4089 nequaquam
928 3991 1053 4064 tamen
1067 4011 1113 4062 ex
1125 3981 1348 4062 testimoniis
1361 3979 1489 4059 allatis

376 4325 408 4384 (r)
422 4321 459 4372 lle
472 4336 526 4385 qua
539 4337 567 4373 re
580 4323 645 4387 Cap.
659 4335 717 4384 serp.
931 4319 1017 4369 23-26.
1032 4345 1063 4354 —
1078 4317 1139 4369 Gal.
1154 4329 1180 4366 n.
1197 4314 1224 4365 ll
1238 4327 1297 4375 sqq.

377 4419 406 4476 (rt
427 4414 488 4465 Gal.
511 4427 527 4464 1.
551 4416 588 4472 17,
608 4414 644 4463 18.
666 4439 698 4448 -
719 4411 754 4462 ll.
776 4411 838 4462 Cor.
859 4421 895 4460 xl.
