3154 5134
375 434 434 495 970
621 455 691 500 mss.
719 459 748 504 v.
774 459 809 504 oe
829 461 968 509 domnos.
992 463 1174 510 eructatur.
1198 459 1310 506 unum.

372 631 469 730 quod
488 630 804 712 hebetatione
824 642 980 718 Unitcte
995 643 1177 718 Ecclesiae
1194 665 1231 715 n.
1249 645 1286 716 3.
1304 641 1402 714 extr.
1420 683 1462 692 -
1474 645 1506 720 t;

372 765 434 842 ubi
465 770 506 863 (ι)
535 799 543 843 :
581 805 597 833 ι
625 771 708 848 Hoc
737 797 781 849 co
807 774 849 852 fit
875 777 954 876 (ait)
979 777 1115 855 fratres
1145 774 1404 862 dilectissimi,
1433 772 1509 846 dum

1013 956 1022 985 Ι

371 1117 383 1136 ι·
397 1093 466 1146 Cum
482 1099 587 1161 septem
604 1097 699 1150 liberie
718 1101 800 1166 plane
817 1105 930 1170 copula·
963 1109 1056 1160 dicum
1086 1111 1192 1162 textum
1224 1109 1354 1162 nostrum
1383 1107 1509 1170 integrum

371 1208 383 1230 a
397 1189 444 1236 tur
459 1188 487 1238 et
504 1191 592 1240 mater
609 1191 689 1256 origo
708 1193 736 1242 et
755 1195 844 1256 radix,
866 1211 928 1260 qum
961 1200 1161 1262 exhibentium)
1176 1199 1201 1250 si
1214 1213 1276 1250 cum
1289 1198 1348 1248 illis
1364 1193 1510 1247 conteratur

368 1298 380 1318 n
394 1277 525 1328 ecclesias
537 1282 642 1344 septem
656 1285 830 1346 postmodum
843 1300 925 1351 pepe
957 1288 1004 1351 qai
1015 1293 1136 1341 veterem
1151 1291 1266 1342 tuentur
1283 1287 1454 1340 lectionem:
1467 1282 1510 1330 hec

369 1389 381 1409 e
395 1367 441 1429 rit,
461 1367 522 1432 ipsa
541 1371 632 1433 prima
649 1374 677 1422 et
696 1387 751 1423 una
771 1389 854 1438 super
871 1376 924 1428 Pe·
959 1379 1099 1443 peculiare
1110 1380 1240 1438 occurrit,
1253 1377 1327 1442 quod
1340 1376 1384 1426 illi
1397 1370 1510 1439 plerique

368 1479 380 1498 ··
393 1458 468 1508 trum
479 1457 527 1525 [at.
538 1461 655 1528 petram]
665 1463 775 1514 Domini
787 1479 853 1517 voce
865 1469 926 1518 ruu—
960 1469 1009 1531 qui
1025 1469 1283 1534 interpolationibus
1300 1467 1364 1517 istis
1381 1467 1469 1514 lavere
1480 1459 1510 1507 vi·

367 1569 380 1590 n
393 1547 458 1598 data
470 1571 482 1590 ι·
496 1550 577 1606 (ibid.
591 1567 617 1616 p.
635 1554 700 1614 668),
715 1583 746 1590 -
761 1555 798 1606 Et
813 1557 842 1607 in
853 1557 923 1622 ipsis
955 1559 1056 1612 dentur
1079 1574 1135 1610 uon
1155 1560 1243 1624 magis
1267 1572 1284 1608 a
1305 1559 1422 1621 recepta
1442 1551 1509 1617 priis

365 1637 537 1691 documentis
548 1642 583 1692 ad
592 1647 755 1706 presentem
763 1649 920 1700 controuer·
954 1649 1071 1702 lectione
1083 1665 1167 1714 quam
1175 1653 1210 1701 ab
1223 1651 1344 1701 invicem
1357 1646 1507 1698 discedunt:

364 1726 435 1778 siam
463 1730 674 1794 pertinentibus,
701 1734 788 1798 Epist.
812 1739 853 1788 70.
878 1739 920 1789 ild
954 1741 982 1791 et
1002 1741 1041 1791 ita
1059 1740 1151 1790 locum
1168 1741 1243 1792 varie
1260 1741 1404 1803 torquent,
1422 1747 1508 1797 empu-

361 1815 476 1870 Januar.
499 1835 527 1871 n.
542 1823 581 1872 3:
603 1845 615 1862 «ι
687 1824 749 1875 Una
768 1827 917 1880 ecclesian
950 1831 1011 1880 tant
1023 1826 1509 1896 etperturbant...Monerepretium

364 1930 377 1950 π
390 1909 499 1961 Christo
511 1911 631 1963 Domino
642 1928 726 1979 super
738 1915 851 1968 Petrum
864 1919 918 1969 ori·
953 1935 1045 1986 operte
1062 1923 1178 1973 tortasse
1195 1921 1240 1972 hic
1260 1919 1354 1978 luerit,
1372 1917 1446 1981 quod
1461 1914 1509 1963 duo

364 2020 377 2040 π
389 1999 453 2063 gine
473 2001 588 2052 unitatis
607 2005 634 2053 et
653 2005 759 2057 ratione
779 2008 894 2060 fundata
905 2031 918 2054 ι
952 2009 994 2061 illi
1007 2010 1152 2062 Bodleiani
1170 2011 1291 2073 codices
1307 2010 1357 2072 qui
1369 2004 1508 2070 interpola·

362 2099 497 2163 (Append.
511 2115 574 2166 pag.
591 2093 651 2166 52).
663 2130 696 2138 —
713 2103 800 2167 Epist.
819 2106 861 2155 71.
879 2106 921 2156 ild
955 2107 1025 2157 tioui
1043 2121 1128 2172 snpra
1147 2107 1306 2158 memoratae
1323 2106 1456 2156 videntur
1470 2113 1507 2150 as-

362 2187 503 2252 Quintum,
520 2205 547 2242 n.
564 2193 579 2241 ’2
596 2207 602 2242 :
622 2214 634 2234 ι
651 2192 722 2242 Nam
742 2207 792 2244 nec
810 2194 921 2254 Petrus,
956 2197 1067 2256 sentire,
1097 2211 1185 2262 nuper
1206 2197 1389 2247 Bibliothecae
1414 2195 1508 2244 nostrae

363 2301 376 2320 n
389 2293 471 2342 quem
490 2282 609 2344 primum
633 2281 768 2333 Dominus
787 2284 870 2348 elegit
891 2287 919 2336 et
951 2286 1281 2352 inserebantur3quorum
1290 2281 1508 2335 alterhocbabet

363 2384 473 2434 ”super
495 2385 576 2434 quem
597 2373 743 2423 aedificavit
770 2373 915 2428 ecclesiam
950 2377 1097 2428 admodum
1114 2377 1262 2442 peculiare,
1281 2376 1356 2438 quod
1366 2376 1507 2440 postquam

363 2489 375 2508 r
389 2483 477 2528 suam.
546 2493 558 2514 ··
580 2471 713 2536 (Append.
731 2486 794 2537 pag.
811 2468 866 2535 53).
884 2501 916 2510 —
950 2476 1154 2541 paragraphum
1166 2477 1252 2525 totum
1264 2475 1435 2526 assumentis
1444 2484 1506 2536 prae·

360 2558 448 2624 Epist.
467 2562 507 2610 73.
522 2561 564 2611 Ad
581 2561 799 2613 subclamat:
815 2585 827 2604 a
847 2565 918 2615 Nam
951 2567 1032 2618 dictis
1050 2566 1254 2630 locupletasset,
1275 2568 1303 2617 et
1314 2565 1445 2630 plurimis
1457 2565 1506 2614 tex-

336 2673 374 2720 ,n
388 2651 472 2704 Petro
505 2653 625 2717 primum
657 2654 803 2716 Dominus,
833 2670 916 2720 super
948 2655 1506 2722 tuidetractis‚vicesdenuorepcndisset,

362 2763 374 2782 e
388 2755 468 2804 quem
480 2742 625 2794 {edificavit
636 2744 792 2812 ecclesiam,
805 2747 833 2796 et
844 2748 916 2798 unde
950 2749 1045 2799 omnia
1063 2749 1097 2798 de
1116 2747 1225 2812 integro
1248 2747 1408 2810 exequitur,
1432 2757 1505 2796 assu·

360 2852 372 2872 n
386 2830 500 2881 unitatis
510 2831 645 2897 originem
656 2833 774 2884 instituit
786 2835 813 2884 et
822 2837 913 2887 osten·
947 2837 1048 2889 mentis
1060 2847 1176 2902 prorsus
1186 2835 1308 2896 omissis,
1321 2839 1350 2886 et
1361 2849 1424 2898 quae
1434 2833 1506 2898 prius

360 2951 372 2972 ἰ
386 2930 467 2982 dit...
479 2953 491 2972 n
501 2931 636 2996 (Appcud.
648 2946 710 2997 pag.
721 2929 772 2996 57).
784 2935 819 2985 Et
829 2948 854 2985 u.
868 2937 910 2985 ll:
946 2935 1176 3000 praeterlabantur
1188 2933 1337 2998 restitutis3
1352 2935 1393 2985 ita
1408 2935 1440 2985 ut
1451 2933 1504 2983 cui-

359 3041 372 3062 «
385 3019 445 3080 Quo
458 3023 587 3074 venturus
598 3024 641 3072 est
651 3023 699 3086 qui
707 3024 774 3082 sitit,
785 3027 912 3076 utrumne
946 3027 1014 3078 libet
1029 3027 1157 3077 constare
1172 3025 1270 3088 possit,
1288 3023 1436 3075 librarium
1448 3037 1505 3086 quae

359 3131 371 3150 κ
385 3110 419 3160 ad
441 3111 616 3162 haereticos...
637 3113 680 3162 An
700 3113 734 3162 ad
757 3113 914 3174 ecclesiam,
949 3116 977 3166 in
1000 3115 1124 3180 margine
1147 3115 1289 3166 invenerat
1315 3115 1406 3166 textui
1434 3114 1503 3164 inse-

357 3221 370 3240 n
383 3211 444 3260 quae
460 3213 516 3250 una
535 3201 578 3251 est
597 3213 682 3265 super
700 3215 796 3263 unum,
817 3204 913 3267 qui·et
945 3204 1044 3264 ruisse,
1055 3204 1154 3255 deiude
1167 3203 1288 3268 inopere
1299 3204 1439 3255 bonafide
1449 3216 1505 3267 pro-

357 3310 369 3329 u
383 3285 473 3339 claves
492 3289 551 3351 ejtre
570 3289 689 3354 accepit,
711 3289 824 3342 Domini
847 3305 912 3344 uoce
945 3307 1081 3357 gressum.
1112 3315 1124 3334 ··
1149 3291 1245 3356 ltaque
1272 3292 1386 3343 uncinis
1420 3292 1502 3342 inter-

358 3400 370 3422 e
384 3378 513 3430 noceat
525 3401 536 3421 κ
547 3378 589 3443 (Ρ.
603 3377 635 3428 L.
649 3378 732 3429 t.111.
745 3393 772 3443 p.
788 3382 868 3438 llltil.
947 3381 1123 3432 cludentibus
1132 3379 1327 3445 distinguenda
1336 3380 1466 3431 duximus
1474 3393 1504 3428 ea

388 3469 417 3532 (ι)
429 3469 560 3533 Plerique
572 3469 681 3521 codices
698 3483 763 3520 mse.
789 3484 845 3523 non
861 3473 912 3523 ha·
948 3485 1010 3534 quae
1028 3473 1157 3537 primaero
1173 3471 1261 3522 textui
1280 3471 1453 3536 interpolata
1470 3470 1503 3520 ab
1558 3465 1562 3477 '

356 3563 421 3614 beat
432 3562 536 3613 textum
548 3562 690 3627 integrum
707 3562 780 3612 sicut
795 3576 859 3613 eum
871 3563 916 3614 bic
949 3563 993 3613 his
1004 3563 1121 3614 eruditis
1133 3564 1289 3614 censentur.
1300 3560 1431 3613 Ceterum
1443 3575 1501 3613 cum

353 3651 588 3716 transcripsimus.
602 3650 682 3702 Unde
694 3650 835 3713 Baluzius,
847 3653 911 3716 post
944 3651 1060 3703 blerano
1080 3651 1173 3714 (Praei.
1192 3651 1227 3701 ad
1244 3649 1313 3715 Opp.
1328 3649 1355 3701 S.
1375 3649 1502 3716 Cypriani

355 3741 587 3807 Rigaltium‚eum
597 3741 794 3805 interpolatum
804 3743 912 3793 censuit
944 3743 962 3804 ἓ
975 3741 1025 3792 lll.
1037 3769 1068 3777 —
1081 3741 1112 3792 P.
1123 3740 1155 3791 L.
1168 3741 1187 3791 t.
1202 3739 1247 3791 IV.
1262 3755 1289 3806 p.
1302 3741 1346 3802 26)
1358 3742 1501 3792 observare

354 3834 425 3898 (Vid.
436 3834 467 3885 P.
477 3834 507 3885 L.
518 3836 538 3885 t.
553 3834 599 3885 lV.
610 3849 636 3898 p.
648 3834 704 3884 497.
719 3847 747 3884 n.
757 3835 801 3898 4.).
811 3833 913 3884 Fusius
946 3833 1011 3884 licet
1030 3855 1042 3874 ι·
1062 3834 1085 3883 si
1104 3847 1137 3883 ea
1157 3832 1330 3884 retineantur
1349 3847 1413 3896 quae
1433 3834 1500 3886 Oxe-

353 3927 518 3990 argumenta
534 3939 595 3988 quae
611 3923 853 3987 interpolationem
868 3937 912 3974 os·
946 3923 1050 3973 niensis
1066 3922 1155 3973 editor
1172 3923 1200 3973 et
1216 3921 1346 3973 Baluzius
1364 3935 1499 3990 expunxe-

353 4014 467 4064 tendant
479 4013 558 4065 affert
567 4012 831 4064 Oxoniensiseditor
840 4013 911 4077 Ope·
945 4015 1019 4074 runt,
1048 4010 1117 4062 nihil
1147 4011 1297 4062 affuturum
1332 4013 1406 4075 quod
1440 4025 1499 4062 cum
1567 4007 1568 4054 l

352 4117 415 4154 rum
428 4103 455 4154 S.
469 4101 599 4168 Cypriani
611 4100 727 4168 (Fellus,
745 4101 909 4153 oxoniensis
943 4100 1072 4166 Cypriani
1086 4100 1213 4152 doctrina
1227 4113 1282 4152 non
1296 4101 1425 4166 apprime
1436 4113 1498 4163 qua-

351 4193 498 4258 epiecopue
514 4190 693 4256 Anglicanusi
710 4205 737 4255 p.
754 4191 795 4241 76.
810 4193 865 4242 not.
880 4193 904 4241 2.
940 4191 1014 4254 dret;
1027 4189 1070 4241 siu
1085 4191 1178 4241 autem
1193 4189 1362 4252 recidantur,
1379 4191 1499 4254 reliquas

351 4287 438 4347 Quam
458 4287 726 4354 argumentationem
740 4286 780 4338 ita
796 4286 906 4338 conclu·
940 4285 1090 4336 testimonii
1107 4286 1189 4350 hujus
1207 4287 1299 4350 partes
1315 4285 1385 4337 satis
1404 4298 1498 4350 perse

351 4383 411 4434 dit:
430 4407 441 4425 .
464 4381 654 4442 Praeterquam
673 4392 738 4430 vero
758 4379 831 4441 quod
852 4379 908 4429 exi·
943 4377 1086 4428 habituras
1101 4375 1232 4428 momenti
1245 4377 1278 4428 ad
1292 4377 1443 4441 primatum
1455 4389 1496 4425 ec-

351 4487 422 4540 guue
441 4471 554 4522 omuino
571 4470 622 4520 iste
640 4469 676 4521 sit
697 4481 829 4519 numerus
849 4467 905 4533 (co
938 4465 1029 4518 clesiae
1043 4465 1211 4517 Romanae
