3154 5134
512 459 575 506 cir.
597 461 619 506 ι.
642 462 692 508 nn:
713 460 757 506 rr.
780 461 841 506 sec.
866 462 886 506 1.
1191 451 1250 512 515
1355 489 1363 504 ,

101 625 209 714 linae,
237 624 411 726 catalogo
435 626 649 704 Hormisdae
678 632 715 704 et
741 627 1013 718 Bar-Hebraeo,
1033 629 1252 711 deducimur

99 759 148 836 ad
166 783 315 836 annum
332 763 391 836 79.

157 931 220 1017 15.
251 945 446 1018 dnencleto
471 937 560 1015 item
581 940 776 1017 duodecim
800 965 917 1017 annos
939 942 1111 1021 tribuunt
1134 943 1250 1021 Ense·

102 1073 205 1161 biae,
242 1070 445 1172 Catalogus
475 1072 716 1162 Liber-ianus,
750 1074 1025 1177 Hieronymus,
1058 1076 1252 1180 inscriptio

103 1205 276 1284 basilica
306 1206 493 1296 Paulinae,
526 1207 731 1310 Oatalogus
758 1209 986 1298 Hormisdae
1015 1209 1253 1312 Ohronogra-

103 1342 198 1444 phia
241 1345 435 1444 syntomus
471 1349 508 1422 et
546 1345 844 1436 Bar-Hebraeus,
883 1348 1015 1425 ceteris
1048 1348 1182 1449 graecis
1218 1355 1255 1428 et

103 1475 354 1555 orientalibus
380 1478 475 1555 mire
498 1479 599 1557 circa
628 1480 864 1559 durationem
889 1482 992 1560 illius
1015 1483 1254 1586 pontificatus

105 1612 358 1690 variantibus.
394 1613 524 1715 ltaque
547 1615 848 1717 probabilissime
870 1617 916 1694 ab
939 1642 1038 1694 anno
1064 1621 1111 1693 79
1137 1617 1184 1694 ad
1207 1622 1251 1696 91

107 1749 253 1826 sedisse
269 1749 448 1826 dicendus
465 1753 522 1826 est
537 1750 777 1829 Anencletus

159 1932 224 2016 16.
242 1934 368 2035 Hujus
387 1955 638 2008 successorem
656 1942 875 2012 clementem
888 1957 1005 2010 annos
1019 1957 1153 2011 novem
1166 1959 1258 2036 pon-

106 2071 243 2150 tificali
259 2094 413 2146 munere
431 2069 602 2146 functum
620 2093 700 2144 esse
717 2068 886 2144 unanimi
904 2093 1085 2146 consensu
1103 2070 1259 2148 tradunt

108 2204 275 2306 catalogi
294 2227 436 2292 omnes,
459 2203 682 2304 quibuscum
699 2201 868 2303 apprime
889 2203 1089 2279 concordat
1105 2204 1258 2282 traditio

108 2341 154 2417 de
167 2364 270 2418 anno
284 2339 406 2417 obitus
421 2337 638 2425 Clementis,
659 2361 769 2438 quem
786 2335 930 2413 obitum
948 2336 1202 2439 Hieronymus
1221 2341 1258 2437 (ι)

109 2482 145 2554 et
170 2476 287 2553 Liber
310 2471 545 2550 Pontificalis
573 2475 611 2571 (2)
635 2496 732 2548 anno
755 2471 867 2548 tertio
903 2470 1059 2573 Trajani
1083 2497 1149 2548 seu
1172 2471 1259 2550 aerae

112 2617 255 2691 nostrae
287 2614 357 2685 100
386 2606 586 2708 contigisse
615 2607 796 2683 referunt.
834 2607 958 2708 Atque
983 2607 1071 2683 hinc
1101 2608 1261 2685 habetur

112 2747 244 2826 valida
261 2743 495 2822 confirmatio
513 2742 629 2819 totins
652 2741 755 2818 illius
774 2765 887 2843 quam
905 2741 1021 2818 secuti
1040 2767 1170 2820 sumus
1187 2745 1261 2822 sin·

111 2883 291 2985 gulorum
315 2879 601 2982 pontificatuum
624 2877 859 2954 durationem
881 2879 1069 2956 statuendi
1086 2881 1256 2961 rationis.

164 3060 412 3147 labienus
433 3069 559 3140 autem
583 3067 619 3138 et
640 3087 815 3139 numeros
838 3063 1024 3140 mensium
1044 3087 1088 3140 ac
1113 3064 1260 3142 dierum

112 3201 270 3278 definire
292 3199 355 3300 qui
377 3221 563 3274 annorum
586 3199 751 3274 numeris
770 3198 866 3274 forte
884 3197 1043 3274 addendi
1061 3196 1121 3274 vel
1139 3198 1260 3276 detra-

112 3337 229 3414 hendi
246 3335 382 3425 forent,
402 3334 646 3412 temerarium
665 3334 776 3410 nimis
790 3334 954 3411 videtur.
973 3334 1016 3410 Id
1030 3335 1130 3412 enim
1143 3361 1262 3438 neque

112 3496 159 3546 ex
183 3470 367 3571 Catalogc
390 3470 589 3546 Liberiano
614 3470 705 3546 satis
727 3468 824 3546 effici
847 3473 969 3571 potest
993 3472 1044 3569 (a),
1073 3494 1192 3572 neque
1215 3496 1261 3547 ex

115 3605 344 3682 indicatione
367 3604 514 3680 dierum
536 3605 599 3682 ubi
623 3604 662 3680 in
683 3603 849 3705 antiquis
868 3603 1163 3716 martyrologiis,
1184 3630 1262 3707 spe

115 3742 246 3819 ciatim
260 3740 581 3843 Hieronymiania
601 3740 836 3842 singulorum
850 3738 1069 3842 pontificum
1082 3741 1263 3818 memoria

117 3878 339 3958 celebranda
360 3879 635 3956 annuntiatur:
663 3902 764 3982 nam,
788 3880 831 3953 ut
858 3875 957 3976 apud
980 3897 1109 3950 omnes
1130 3899 1262 3952 conve-

118 4013 186 4102 nit,
211 4038 288 4089 non
311 4038 457 4115 semper
480 4013 530 4090 ibi
554 4012 745 4090 indicatur
761 4012 842 4088 dies
861 4009 1123 4088 anniversaria
1140 4009 1264 4086 obitus

149 4285 179 4349 (ι)
194 4283 252 4335 Vir.
263 4279 368 4334 lirina.
376 4297 399 4334 c.
409 4283 527 4349 15(P.L.
535 4285 554 4334 t.
563 4283 669 4335 XXIII.
738 4282 770 4349 (a)
788 4281 843 4334 Olr.
861 4278 967 4331 Introd.
989 4279 1089 4332 Gerros.
1108 4279 1199 4330 Traot.
1214 4279 1264 4334 111.

121 4394 146 4443 p.
159 4380 226 4440 633).
711 4377 776 4443 Cap.
788 4375 837 4427 Ill.
852 4375 885 4426 N.
902 4375 930 4424 ll
941 4376 1014 4441 (pag.
1028 4371 1093 4434 207).

151 4471 179 4536 (r)
190 4471 223 4522 P.
239 4469 270 4521 L.
285 4470 304 4520 t.
318 4469 452 4522 CXXVII.
466 4485 492 4536 p.
509 4471 579 4523 1079.
