3132 5140
310 456 370 516 me
596 471 665 517 uras.
689 471 726 517 u.
749 471 785 516 nr
805 471 901 518 accus.
925 471 994 518 nur.
1013 471 1176 518 eruusruu.

311 661 396 713 nem
420 635 607 714 inferioris
630 636 788 726 ordinis,
808 637 953 739 legibus
971 635 1122 739 quidem
1141 635 1355 726 toleratam,
1384 663 1461 715 non

312 775 512 851 firmatam.
547 774 590 851 In
620 799 694 876 quo
724 801 799 852 non
830 775 1044 876 arguendus
1080 777 1136 852 est
1163 773 1359 865 Callistus
1395 776 1459 853 sed

310 907 535 998 laudandus,
568 909 600 986 si
626 909 810 988 habeatur
840 910 936 988 ratio
966 910 1103 986 horum
1132 913 1361 1012 temporum,
1395 909 1459 986 ubi

270 1043 275 1056 '
311 1043 486 1120 mulieres
510 1043 727 1120 christianae
748 1044 890 1122 nobiles
907 1049 987 1122 tam
1003 1043 1155 1122 difficile
1172 1043 1460 1122 matrimonium

310 1177 522 1279 legitimum
543 1178 759 1278 (secundum
780 1178 880 1279 leges
901 1178 1043 1277 civiles)
1068 1179 1208 1280 absque
1231 1178 1382 1278 magnis
1404 1177 1459 1253 in-

312 1313 515 1390 commodis
534 1317 571 1390 et
588 1311 765 1416 periculis
783 1313 878 1390 inire
895 1313 1105 1416 potuissent
1122 1316 1172 1412 (1).
1448 1285 1453 1304 ⁸

364 1491 420 1574 ll.
436 1495 488 1572 At
505 1511 576 1576 IX.
600 1531 615 1561 α
637 1494 785 1572 Exinde
807 1493 997 1586 mulieres
1021 1520 1105 1597 quae
1127 1493 1347 1571 dicebantur
1369 1493 1460 1570 fide·

317 1628 421 1718 elea,
446 1627 717 1706 medicamenta
737 1631 883 1705 tentare
906 1633 1100 1732 coeperunt
1125 1653 1210 1731 quae
1233 1627 1381 1706 steriles
1406 1627 1460 1704 la-

317 1767 478 1856 nciunt,
515 1766 724 1868 fasciasque
756 1767 804 1844 ad
840 1771 972 1868 partus
1005 1765 1226 1867 abigendos,
1262 1769 1462 1869 propterea

317 1937 332 1966 a
355 1901 453 2003 quod
471 1902 646 1978 nolebant
662 1927 682 1978 e
700 1924 808 1978 servo
826 1899 1008 1978 infantem
1030 1899 1167 1977 habere
1188 1923 1308 2001 neque
1330 1923 1355 1976 a
1376 1897 1461 1974 viro

319 2074 334 2102 n
356 2037 525 2115 tenuiore
547 2039 700 2141 propter
720 2037 969 2139 gentilitatem
994 2037 1225 2139 nimiamque
1247 2060 1326 2112 rem
1349 2034 1460 2112 fami-

318 2205 333 2235 .-
355 2170 499 2248 liarem.
520 2209 595 2238 n—
609 2173 692 2249 Hoc
706 2171 857 2248 sceleris
875 2195 993 2273 genus
1011 2170 1361 2248 communissimum
1379 2170 1461 2246 erat

315 2307 415 2409 apud
442 2307 635 2386 Romanos
661 2307 707 2384 iis
736 2308 981 2411 temporibus,
1008 2307 1121 2385 etiam
1147 2306 1187 2382 in
1207 2301 1460 2382 matrimoniis

314 2441 504 2544 legitimis.
543 2445 592 2521 Et
616 2443 712 2522 forte
745 2444 915 2534 subinde,
948 2444 1121 2547 quamvis
1152 2468 1252 2532 raro,
1285 2439 1460 2544 quaedam

313 2579 426 2656 etiam
450 2580 626 2659 mulieres
650 2581 868 2658 christianae
891 2581 985 2658 illud
1008 2581 1253 2658 admiserunt.
1282 2577 1355 2657 Sed
1375 2600 1458 2678 pro·

315 2710 410 2790 lecto
441 2712 477 2789 id
516 2739 590 2792 non
624 2718 707 2792 erat
741 2715 838 2794 ratio
871 2715 1058 2792 sufficiens
1092 2740 1161 2792 cur
1190 2712 1461 2816 impedirentur

315 2846 457 2947 nuptiae
483 2849 617 2950 quibus
643 2849 738 2927 alias
769 2875 908 2953 magna
930 2850 1125 2928 commoda
1144 2849 1455 2953 procurabantur.
1554 2907 1555 2912 Ν

316 2978 508 3057 Praeterea
545 2985 703 3060 numid
740 2985 945 3088 praecaveri
980 2989 1126 3089 poterat
1159 2984 1366 3064 recusando
1399 2984 1458 3059 be·

316 3111 565 3194 nedictionem
605 3119 811 3221 nuptialem
854 3120 1070 3223 hujusmodi
1114 3113 1459 3222 conjunctionibus?

315 3245 451 3324 Nonne
468 3251 592 3352 potius
610 3252 835 3331 credendum
854 3279 917 3332 eas
935 3281 1020 3358 quae
1038 3255 1078 3332 in
1095 3253 1335 3334 matrimonio
1353 3252 1458 3329 abor-

315 3380 397 3457 tum
425 3391 684 3484 procurarent,
721 3387 831 3465 facile
860 3394 1043 3494 praeterea
1069 3385 1309 3466 fornicationi
1338 3380 1459 3461 indul·

316 3539 424 3592 suras
441 3517 570 3638 luisse,
590 3521 623 3597 si
640 3522 812 3627 innuptae
829 3522 1118 3601 remansissent?

367 3689 425 3773 12.
440 3709 491 3775 x.
519 3733 534 3762 a
561 3698 687 3801 Hujus
713 3705 825 3780 aetate
850 3703 972 3806 primo
1001 3705 1210 3808 baptismus
1234 3703 1392 3781 iteratus
1414 3700 1458 3778 ab

321 3865 336 3895 a
359 3831 412 3907 eis
433 3835 600 3913 tentatus
624 3842 691 3916 est.
717 3876 732 3905 n
760 3842 1019 3918 -Habemus
1044 3867 1176 3918 rursus
1199 3838 1458 3918 indetermina-

316 3966 398 4041 tum
420 3966 572 4046 modum
593 3970 768 4074 loquendi
790 3981 909 4070 bruas
930 3987 1054 4054 oetute.
1080 3974 1255 4053 Profecto
1279 3973 1316 4049 id
1335 3974 1457 4050 aucto-

317 4096 428 4176 ritate
458 4099 607 4181 Callisti
641 4105 783 4186 factum
816 4134 891 4186 non
921 4135 1000 4187 esse
1034 4113 1135 4187 certo
1170 4107 1383 4210 colligimus
1415 4127 1457 4179 ex

347 4393 377 4460 (1)
387 4394 442 4446 cn.
456 4395 625 4464 occursura,
636 4399 801 4468 Hippolytus
812 4405 871 4455 arud
904 4401 956 4456 Les
965 4389 1114 4464 aaronica,
1128 4403 1146 4454 t.
1161 4403 1183 4454 1.
1199 4417 1225 4467 p.
1241 4403 1295 4454 185.

320 4481 463 4546 Kalliena,
474 4501 501 4551 p.
517 4489 635 4541 maluo.
648 4505 680 4528 -ι
690 4491 872 4556 Cusuetani,
