3170 5134
470 449 531 496 ose.
555 449 595 494 ιν.
618 447 654 494 m
675 447 857 492 nrrronrrus.
1181 435 1239 494 155

25 567 26 570 Ν
145 622 205 704 38.
231 625 380 702 Mirum
397 622 491 700 forte
508 621 685 724 cuiquam
704 619 824 696 videri
843 624 965 721 potest
982 622 1081 721 quod
1100 626 1239 724 marty-

102 760 190 837 rium
212 758 393 838 Pontiani
418 761 455 834 et
477 755 673 860 Hippolyti
700 754 879 833 accidisse
900 752 1063 830 traditur
1080 754 1239 832 Alexan-

101 895 159 972 dro
181 896 428 998 Imperatore,
449 917 561 994 quum
590 893 622 967 is
641 889 878 968 Christianos
904 887 1045 965 nonsit
1068 913 1237 992 perseeu-

101 1043 167 1118 tus,
192 1030 255 1106 sed
278 1030 406 1132 potius
437 1028 482 1104 iis
512 1027 681 1104 favorem
710 1024 925 1102 exhibuisse
950 1025 1136 1102 credatur.
1165 1026 1237 1103 Sed

101 1163 360 1242 advertendum
396 1168 452 1241 est
484 1193 492 1239 :
529 1169 564 1239 1⁰
598 1162 711 1238 etiam
746 1161 815 1237 suh
850 1161 1143 1263 imperatoribus
1173 1161 1237 1263 qui

101 1302 326 1380 Christianos
353 1300 547 1402 religionis
572 1323 688 1376 causa
713 1299 853 1376 vexariv
870 1324 943 1375 non
969 1299 1152 1388 sinebant,
1181 1304 1236 1377 ta·

101 1463 175 1514 men
192 1439 392 1516 Praefectis
418 1437 482 1541 qui
507 1461 569 1515 eos
587 1436 745 1513 oderant
761 1461 836 1512 non
852 1435 1015 1513 defuisse
1032 1440 1237 1540 praetextus

100 1575 224 1674 quibus
243 1579 439 1652 uterentur
456 1573 510 1649 ad
537 1598 600 1649 eos
618 1570 904 1674 persequendos,
925 1595 960 1646 u.
987 1595 1023 1670 g.
1045 1569 1236 1648 seditionis

24 1757 26 1774 ·
99 1734 201 1809 quan
236 1737 335 1813 saepe
365 1709 516 1811 ipsimet
549 1705 688 1784 ethniei
723 1705 991 1792 excitaverant,
1029 1703 1236 1781 Christiani

99 1852 215 1923 tamen
257 1851 412 1949 propter
446 1843 551 1920 illam
594 1841 857 1943 puniebantur.
898 1844 938 1914 2ο
979 1836 1235 1914 Alexandrum

99 1983 214 2061 Roma
238 1984 430 2060 absentem
456 1978 571 2055 fuisse
597 2001 658 2053 an.
679 1980 752 2052 235
772 2005 779 2050 :
801 1999 874 2077 quo
898 1969 997 2050 anno
1015 1973 1236 2050 versabatur

100 2119 132 2194 in
151 2116 354 2196 Germania
372 2115 419 2193 ad
437 2114 575 2192 bellum
600 2112 806 2214 gerendum
822 2115 954 2188 eontra
970 2111 1149 2187 barbaros
1166 2109 1234 2186 ibi-

98 2277 160 2353 que
185 2254 330 2331 ooeisus
349 2257 405 2328 est
431 2276 453 2327 u
476 2249 769 2327 Maximino-
795 2247 924 2324 Facile
946 2248 1072 2349 itaque
1096 2247 1232 2350 potuit,

98 2392 296 2490 praesertim
331 2389 397 2465 illo
428 2389 598 2476 absente,
636 2385 844 2463 Praefectus
879 2384 975 2462 Urbi
1006 2383 1233 2462 Christianis

99 2522 254 2600 infensus
283 2522 345 2599 vel
379 2523 426 2599 ab
461 2547 590 2598 eorum
624 2520 787 2630 inimiois
817 2520 1015 2608 excitatus
1047 2522 1233 2623 praetextu

97 2660 282 2736 turbarum
311 2657 372 2733 vel
398 2656 473 2734 alio
499 2656 677 2758 quolibet,
706 2656 839 2733 saltem
869 2656 909 2732 in
938 2656 1146 2759 praecipuos
1172 2683 1231 2734 eo-

97 2819 172 2871 rnm
192 2795 302 2872 duces
327 2792 489 2870 saevire:
517 2818 610 2894 quos
633 2796 759 2868 tamen
784 2796 937 2868 oruento
956 2790 1138 2894 supplicio
1158 2817 1232 2869 non

97 2953 201 3006 ausos
227 2931 339 3006 fuerit
369 2928 595 3012 interimere,
624 2927 687 3003 sed
712 2927 751 3002 'nr
776 2925 989 3003 Sardiniam
1013 2925 1060 3002 ad
1079 2924 1232 3004 metalla

97 3065 256 3144 fodienda
273 3066 464 3169 deportari
477 3063 594 3166 jussit
620 3067 685 3140 :et
707 3062 856 3164 quidem
879 3062 1094 3164 hujusmodi
1119 3089 1231 3165 poena
1310 3115 1313 3120 ,

97 3201 285 3280 damnatus
303 3204 360 3277 est
383 3198 563 3276 Callistus
587 3222 703 3300 quum
721 3198 744 3274 J
748 3197 874 3274 udeeos
891 3197 1063 3275 turbasse
1080 3222 1231 3278 aecusa-

96 3339 149 3412 tus
165 3343 220 3416 est
236 3345 246 3438 t
262 3344 286 3436 ).

143 3511 203 3596 39.
229 3518 330 3604 Jam,
358 3515 488 3592 eodem
513 3539 584 3591 seo.
612 3514 666 3591 lV
690 3517 785 3590 extr.
817 3513 878 3590 vel
911 3515 961 3592 in.
990 3516 1024 3590 V
1050 3515 1229 3597 habemus

99 3649 336 3730 Prudentium
355 3650 419 3752 qui
438 3652 473 3748 (r)
493 3653 654 3726 testatur
670 3649 715 3725 de
734 3648 819 3725 visu
837 3653 926 3725 tune
943 3654 1121 3752 temporis
1139 3654 1231 3732 eele

99 3785 246 3866 terrimo
273 3786 378 3865 cultu
406 3786 539 3864 Romae
566 3785 791 3862 honoratum
819 3784 935 3860 fuisse
963 3785 1227 3888 Hippolytum,

100 3941 197 4018 quern
222 3923 370 4024 quidem
397 3921 613 4022 episcopum
639 3947 712 3997 non
739 3920 877 3996 diserte
907 3919 1126 4022 appellavit,
1155 3922 1230 4000 imo

100 4053 183 4134 forte
206 4062 465 4162 presbyterum
490 4057 585 4134 dixit
610 4059 659 4157 (v,
679 4061 752 4155 20),
779 4057 967 4157 signifieat
992 4061 1117 4134 tamen
1134 4085 1231 4168 'eum

127 4365 152 4420 u)
167 4359 235 4416 Phil.
254 4365 302 4417 IX.
323 4366 353 4416 12
372 4363 507 4430 (Append.
528 4377 589 4430 pag.
607 4357 641 4417 4?
706 4363 890 4431 (etTest.V1.
910 4363 931 4415 6
948 4362 1081 4428 (Appond.
1097 4373 1158 4426 pag.
1177 4358 1228 4418 27).

100 4448 175 4508 orte).
