<?xml version="1.0" encoding="UTF-8"?>
<!DOCTYPE html PUBLIC "-//W3C//DTD XHTML 1.0 Transitional//EN"
    "http://www.w3.org/TR/xhtml1/DTD/xhtml1-transitional.dtd">
<html xmlns="http://www.w3.org/1999/xhtml" xml:lang="en" lang="en">
 <head>
  <title>
</title>
<meta http-equiv="Content-Type" content="text/html;charset=utf-8" />
  <meta name='ocr-system' content='tesseract 3.04.00' />
  <meta name='ocr-capabilities' content='ocr_page ocr_carea ocr_par ocr_line ocrx_word'/>
</head>
<body>
  <div class='ocr_page' id='page_1' title='image "./dissertationess00smedgoog_0128.png"; bbox 0 0 3170 5134; ppageno 0'>
   <div class='ocr_carea' id='block_1_1' title="bbox 467 470 1231 530">
    <p class='ocr_par' dir='ltr' id='par_1_1' title="bbox 467 470 1231 530">
     <span class='ocr_line' id='line_1_1' title="bbox 467 470 1231 530; baseline 0 -2"><span class='ocrx_word' id='word_1_1' title='bbox 467 483 527 528; x_wconf 75' lang='lat' dir='ltr'>cnr.</span> <span class='ocrx_word' id='word_1_2' title='bbox 551 483 587 528; x_wconf 85' lang='lat' dir='ltr'>n.</span> <span class='ocrx_word' id='word_1_3' title='bbox 611 482 646 528; x_wconf 83' lang='lat' dir='ltr'>nn</span> <span class='ocrx_word' id='word_1_4' title='bbox 667 482 850 530; x_wconf 72' lang='lat' dir='ltr'>numurus.</span> <span class='ocrx_word' id='word_1_5' title='bbox 1176 470 1231 528; x_wconf 74' lang='lat'>115</span> 
     </span>
    </p>
   </div>
   <div class='ocr_carea' id='block_1_2' title="bbox 17 645 1243 4386">
    <p class='ocr_par' dir='ltr' id='par_1_2' title="bbox 17 645 1243 4386">
     <span class='ocr_line' id='line_1_2' title="bbox 100 645 1230 747; baseline 0.003 -26"><span class='ocrx_word' id='word_1_6' title='bbox 100 650 293 723; x_wconf 78' lang='lat' dir='ltr'><em>Platonem</em></span> <span class='ocrx_word' id='word_1_7' title='bbox 322 651 381 722; x_wconf 84' lang='lat' dir='ltr'>cel</span> <span class='ocrx_word' id='word_1_8' title='bbox 409 647 526 722; x_wconf 80' lang='lat' dir='ltr'>ctione</span> <span class='ocrx_word' id='word_1_9' title='bbox 556 653 601 724; x_wconf 89' lang='lat' dir='ltr'>de</span> <span class='ocrx_word' id='word_1_10' title='bbox 631 647 825 735; x_wconf 82' lang='lat' dir='ltr'>aniverso,</span> <span class='ocrx_word' id='word_1_11' title='bbox 858 645 1011 736; x_wconf 84' lang='lat' dir='ltr'>indicat,</span> <span class='ocrx_word' id='word_1_12' title='bbox 1038 647 1230 747; x_wconf 85' lang='lat' dir='ltr'>jamtum</span> 
     </span>
     <span class='ocr_line' id='line_1_3' title="bbox 100 780 1231 883; baseline 0.001 -27"><span class='ocrx_word' id='word_1_13' title='bbox 100 781 135 856; x_wconf 93' lang='lat' dir='ltr'>iu</span> <span class='ocrx_word' id='word_1_14' title='bbox 163 781 316 858; x_wconf 87' lang='lat' dir='ltr'>diversis</span> <span class='ocrx_word' id='word_1_15' title='bbox 350 780 626 883; x_wconf 81' lang='lat' dir='ltr'>exemplaribus</span> <span class='ocrx_word' id='word_1_16' title='bbox 655 781 731 858; x_wconf 90' lang='lat' dir='ltr'>alio</span> <span class='ocrx_word' id='word_1_17' title='bbox 760 785 872 882; x_wconf 84' lang='lat' dir='ltr'>atque</span> <span class='ocrx_word' id='word_1_18' title='bbox 902 780 976 858; x_wconf 91' lang='lat' dir='ltr'>alio</span> <span class='ocrx_word' id='word_1_19' title='bbox 1006 781 1116 858; x_wconf 87' lang='lat' dir='ltr'>titulo</span> <span class='ocrx_word' id='word_1_20' title='bbox 1146 806 1231 858; x_wconf 90' lang='lat' dir='ltr'>eum</span> 
     </span>
     <span class='ocr_line' id='line_1_4' title="bbox 98 913 1232 1018; baseline 0.004 -30"><span class='ocrx_word' id='word_1_21' title='bbox 98 913 232 990; x_wconf 90' lang='lat' dir='ltr'>librum</span> <span class='ocrx_word' id='word_1_22' title='bbox 255 915 369 992; x_wconf 86' lang='lat' dir='ltr'>luisse</span> <span class='ocrx_word' id='word_1_23' title='bbox 394 915 630 1018; x_wconf 89' lang='lat' dir='ltr'>inscriptum.</span> <span class='ocrx_word' id='word_1_24' title='bbox 660 915 787 1003; x_wconf 83' lang='lat' dir='ltr'>Quare</span> <span class='ocrx_word' id='word_1_25' title='bbox 810 918 957 992; x_wconf 87' lang='lat' dir='ltr'>tantum</span> <span class='ocrx_word' id='word_1_26' title='bbox 983 915 1161 1017; x_wconf 86' lang='lat' dir='ltr'>temporis</span> <span class='ocrx_word' id='word_1_27' title='bbox 1185 915 1232 992; x_wconf 91' lang='lat' dir='ltr'>ab</span> 
     </span>
     <span class='ocr_line' id='line_1_5' title="bbox 100 1050 1230 1153; baseline 0.002 -29"><span class='ocrx_word' id='word_1_28' title='bbox 100 1050 287 1153; x_wconf 80' lang='lat' dir='ltr'>Hippolyti</span> <span class='ocrx_word' id='word_1_29' title='bbox 320 1051 425 1128; x_wconf 90' lang='lat' dir='ltr'>obitu</span> <span class='ocrx_word' id='word_1_30' title='bbox 460 1052 682 1142; x_wconf 84' lang='lat' dir='ltr'>defluxerat,</span> <span class='ocrx_word' id='word_1_31' title='bbox 715 1056 898 1152; x_wconf 85' lang='lat' dir='ltr'>quantum</span> <span class='ocrx_word' id='word_1_32' title='bbox 932 1051 1023 1129; x_wconf 85' lang='lat' dir='ltr'>satis</span> <span class='ocrx_word' id='word_1_33' title='bbox 1057 1054 1153 1126; x_wconf 84' lang='lat' dir='ltr'>esset</span> <span class='ocrx_word' id='word_1_34' title='bbox 1182 1051 1230 1127; x_wconf 92' lang='lat' dir='ltr'>ad</span> 
     </span>
     <span class='ocr_line' id='line_1_6' title="bbox 100 1189 1233 1289; baseline 0.002 -25"><span class='ocrx_word' id='word_1_35' title='bbox 100 1189 260 1289; x_wconf 85' lang='lat' dir='ltr'>opusculi</span> <span class='ocrx_word' id='word_1_36' title='bbox 288 1191 442 1268; x_wconf 85' lang='lat' dir='ltr'>titulum</span> <span class='ocrx_word' id='word_1_37' title='bbox 471 1191 641 1289; x_wconf 83' lang='lat' dir='ltr'>(fortasse</span> <span class='ocrx_word' id='word_1_38' title='bbox 670 1191 783 1269; x_wconf 83' lang='lat' dir='ltr'>etiam</span> <span class='ocrx_word' id='word_1_39' title='bbox 813 1191 977 1268; x_wconf 87' lang='lat' dir='ltr'>auctoris</span> <span class='ocrx_word' id='word_1_40' title='bbox 1007 1193 1156 1289; x_wconf 88' lang='lat' dir='ltr'>nomen)</span> <span class='ocrx_word' id='word_1_41' title='bbox 1187 1215 1233 1266; x_wconf 89' lang='lat' dir='ltr'>ex</span> 
     </span>
     <span class='ocr_line' id='line_1_7' title="bbox 99 1321 1230 1426; baseline 0.004 -32"><span class='ocrx_word' id='word_1_42' title='bbox 99 1321 247 1399; x_wconf 84' lang='lat' dir='ltr'>arbitrio</span> <span class='ocrx_word' id='word_1_43' title='bbox 274 1322 516 1400; x_wconf 79' lang='lat' dir='ltr'>librariorum</span> <span class='ocrx_word' id='word_1_44' title='bbox 541 1325 601 1401; x_wconf 90' lang='lat' dir='ltr'>vel</span> <span class='ocrx_word' id='word_1_45' title='bbox 630 1325 938 1403; x_wconf 88' lang='lat' dir='ltr'>commutandum</span> <span class='ocrx_word' id='word_1_46' title='bbox 967 1323 1028 1400; x_wconf 86' lang='lat' dir='ltr'>vel</span> <span class='ocrx_word' id='word_1_47' title='bbox 1058 1323 1230 1426; x_wconf 89' lang='lat' dir='ltr'>supplen-</span> 
     </span>
     <span class='ocr_line' id='line_1_8' title="bbox 100 1456 1233 1564; baseline 0.005 -34"><span class='ocrx_word' id='word_1_48' title='bbox 100 1456 196 1534; x_wconf 88' lang='lat' dir='ltr'>dum.</span> <span class='ocrx_word' id='word_1_49' title='bbox 226 1495 241 1524; x_wconf 67' lang='lat' dir='ltr'><em>n</em></span> <span class='ocrx_word' id='word_1_50' title='bbox 267 1467 304 1538; x_wconf 79' lang='lat'>4⁰</span> <span class='ocrx_word' id='word_1_51' title='bbox 334 1495 350 1524; x_wconf 61' lang='lat' dir='ltr'>a</span> <span class='ocrx_word' id='word_1_52' title='bbox 374 1459 433 1536; x_wconf 87' lang='lat' dir='ltr'>Ad</span> <span class='ocrx_word' id='word_1_53' title='bbox 464 1459 558 1550; x_wconf 88' lang='lat' dir='ltr'>haec,</span> <span class='ocrx_word' id='word_1_54' title='bbox 587 1461 618 1536; x_wconf 93' lang='lat' dir='ltr'>si</span> <span class='ocrx_word' id='word_1_55' title='bbox 645 1484 775 1564; x_wconf 80' lang='lat' dir='ltr'>reapse</span> <span class='ocrx_word' id='word_1_56' title='bbox 801 1461 1044 1538; x_wconf 86' lang='lat' dir='ltr'>simulacrum</span> <span class='ocrx_word' id='word_1_57' title='bbox 1070 1459 1163 1536; x_wconf 91' lang='lat' dir='ltr'>illud</span> <span class='ocrx_word' id='word_1_58' title='bbox 1189 1485 1233 1537; x_wconf 91' lang='lat' dir='ltr'>ea</span> 
     </span>
     <span class='ocr_line' id='line_1_9' title="bbox 101 1593 1232 1698; baseline 0.003 -32"><span class='ocrx_word' id='word_1_59' title='bbox 101 1599 218 1670; x_wconf 87' lang='lat' dir='ltr'>mente</span> <span class='ocrx_word' id='word_1_60' title='bbox 241 1594 474 1696; x_wconf 85' lang='lat' dir='ltr'>exsculptum</span> <span class='ocrx_word' id='word_1_61' title='bbox 499 1595 632 1673; x_wconf 87' lang='lat' dir='ltr'>fuisset</span> <span class='ocrx_word' id='word_1_62' title='bbox 657 1600 700 1673; x_wconf 86' lang='lat' dir='ltr'>ut</span> <span class='ocrx_word' id='word_1_63' title='bbox 726 1595 920 1698; x_wconf 84' lang='lat' dir='ltr'>paschales</span> <span class='ocrx_word' id='word_1_64' title='bbox 948 1593 1145 1696; x_wconf 74' lang='lat' dir='ltr'>Hippolyti</span> <span class='ocrx_word' id='word_1_65' title='bbox 1171 1617 1232 1694; x_wconf 91' lang='lat' dir='ltr'>pe-</span> 
     </span>
     <span class='ocr_line' id='line_1_10' title="bbox 102 1727 1230 1833; baseline 0.003 -33"><span class='ocrx_word' id='word_1_66' title='bbox 102 1727 220 1803; x_wconf 93' lang='lat' dir='ltr'>riodos</span> <span class='ocrx_word' id='word_1_67' title='bbox 252 1753 479 1831; x_wconf 89' lang='lat' dir='ltr'>operumque</span> <span class='ocrx_word' id='word_1_68' title='bbox 508 1729 638 1808; x_wconf 83' lang='lat' dir='ltr'>titulos</span> <span class='ocrx_word' id='word_1_69' title='bbox 672 1731 876 1833; x_wconf 85' lang='lat' dir='ltr'>descriptos</span> <span class='ocrx_word' id='word_1_70' title='bbox 909 1729 1117 1832; x_wconf 85' lang='lat' dir='ltr'>praeferret,</span> <span class='ocrx_word' id='word_1_71' title='bbox 1153 1751 1230 1804; x_wconf 88' lang='lat' dir='ltr'>am-</span> 
     </span>
     <span class='ocr_line' id='line_1_11' title="bbox 102 1859 1233 1967; baseline 0.003 -32"><span class='ocrx_word' id='word_1_72' title='bbox 102 1859 217 1960; x_wconf 90' lang='lat' dir='ltr'>pliora</span> <span class='ocrx_word' id='word_1_73' title='bbox 236 1869 332 1942; x_wconf 83' lang='lat' dir='ltr'>certe</span> <span class='ocrx_word' id='word_1_74' title='bbox 354 1864 451 1940; x_wconf 89' lang='lat' dir='ltr'>sedis</span> <span class='ocrx_word' id='word_1_75' title='bbox 472 1863 592 1942; x_wconf 85' lang='lat' dir='ltr'>latera</span> <span class='ocrx_word' id='word_1_76' title='bbox 614 1861 781 1967; x_wconf 85' lang='lat' dir='ltr'>sculptor</span> <span class='ocrx_word' id='word_1_77' title='bbox 802 1863 960 1941; x_wconf 84' lang='lat' dir='ltr'>iecisset.</span> <span class='ocrx_word' id='word_1_78' title='bbox 987 1899 1003 1927; x_wconf 61' lang='lat' dir='ltr'>a</span> <span class='ocrx_word' id='word_1_79' title='bbox 1025 1861 1233 1938; x_wconf 91' lang='lat' dir='ltr'>-Deinde</span> 
     </span>
     <span class='ocr_line' id='line_1_12' title="bbox 102 1994 1231 2102; baseline 0.002 -34"><span class='ocrx_word' id='word_1_80' title='bbox 102 1994 136 2070; x_wconf 89' lang='lat' dir='ltr'>iu</span> <span class='ocrx_word' id='word_1_81' title='bbox 165 1997 370 2076; x_wconf 80' lang='lat' dir='ltr'>refellendis</span> <span class='ocrx_word' id='word_1_82' title='bbox 401 2000 632 2102; x_wconf 83' lang='lat' dir='ltr'>argumentis</span> <span class='ocrx_word' id='word_1_83' title='bbox 662 1999 873 2088; x_wconf 89' lang='lat' dir='ltr'>contrariis,</span> <span class='ocrx_word' id='word_1_84' title='bbox 902 1997 983 2074; x_wconf 89' lang='lat' dir='ltr'>haec</span> <span class='ocrx_word' id='word_1_85' title='bbox 1013 1999 1143 2072; x_wconf 86' lang='lat' dir='ltr'>contra</span> <span class='ocrx_word' id='word_1_86' title='bbox 1172 2019 1231 2071; x_wconf 91' lang='lat' dir='ltr'>ar-</span> 
     </span>
     <span class='ocr_line' id='line_1_13' title="bbox 103 2129 1229 2233; baseline -0.004 -25"><span class='ocrx_word' id='word_1_87' title='bbox 103 2138 310 2230; x_wconf 85' lang='lat' dir='ltr'>gumentum</span> <span class='ocrx_word' id='word_1_88' title='bbox 341 2134 502 2212; x_wconf 91' lang='lat' dir='ltr'>secundo</span> <span class='ocrx_word' id='word_1_89' title='bbox 532 2135 614 2212; x_wconf 91' lang='lat' dir='ltr'>loco</span> <span class='ocrx_word' id='word_1_90' title='bbox 644 2160 668 2212; x_wconf 91' lang='lat' dir='ltr'>a</span> <span class='ocrx_word' id='word_1_91' title='bbox 697 2135 802 2211; x_wconf 89' lang='lat' dir='ltr'>nobis</span> <span class='ocrx_word' id='word_1_92' title='bbox 832 2132 990 2210; x_wconf 86' lang='lat' dir='ltr'>allatum</span> <span class='ocrx_word' id='word_1_93' title='bbox 1019 2129 1229 2233; x_wconf 86' lang='lat' dir='ltr'>proponit:</span> 
     </span>
     <span class='ocr_line' id='line_1_14' title="bbox 107 2265 1232 2372; baseline -0.004 -28"><span class='ocrx_word' id='word_1_94' title='bbox 107 2299 120 2328; x_wconf 54' lang='grc' dir='ltr'>ε</span> <span class='ocrx_word' id='word_1_95' title='bbox 141 2265 251 2345; x_wconf 86' lang='lat' dir='ltr'>Ratio</span> <span class='ocrx_word' id='word_1_96' title='bbox 268 2295 352 2372; x_wconf 84' lang='lat' dir='ltr'>quae</span> <span class='ocrx_word' id='word_1_97' title='bbox 369 2269 520 2347; x_wconf 89' lang='lat' dir='ltr'>ducitur</span> <span class='ocrx_word' id='word_1_98' title='bbox 541 2295 586 2346; x_wconf 88' lang='lat' dir='ltr'>ex</span> <span class='ocrx_word' id='word_1_99' title='bbox 607 2268 739 2371; x_wconf 82' lang='lat' dir='ltr'>lingua</span> <span class='ocrx_word' id='word_1_100' title='bbox 760 2266 1027 2368; x_wconf 71' lang='lat' dir='ltr'>inscriptionis</span> <span class='ocrx_word' id='word_1_101' title='bbox 1046 2289 1114 2367; x_wconf 93' lang='lat' dir='ltr'>pro</span> <span class='ocrx_word' id='word_1_102' title='bbox 1132 2266 1232 2341; x_wconf 87' lang='lat' dir='ltr'>certo</span> 
     </span>
     <span class='ocr_line' id='line_1_15' title="bbox 17 2397 1230 2506; baseline 0.002 -33"><span class='ocrx_word' id='word_1_103' title='bbox 17 2473 18 2496; x_wconf 58' lang='lat'>,</span> <span class='ocrx_word' id='word_1_104' title='bbox 104 2403 223 2492; x_wconf 86' lang='lat' dir='ltr'>sumit,</span> <span class='ocrx_word' id='word_1_105' title='bbox 237 2405 481 2482; x_wconf 89' lang='lat' dir='ltr'>simulacrum</span> <span class='ocrx_word' id='word_1_106' title='bbox 494 2404 587 2481; x_wconf 92' lang='lat' dir='ltr'>illud</span> <span class='ocrx_word' id='word_1_107' title='bbox 601 2405 686 2480; x_wconf 89' lang='lat' dir='ltr'>usui</span> <span class='ocrx_word' id='word_1_108' title='bbox 701 2404 849 2506; x_wconf 88' lang='lat' dir='ltr'>publico</span> <span class='ocrx_word' id='word_1_109' title='bbox 863 2402 1089 2478; x_wconf 84' lang='lat' dir='ltr'>destinatum</span> <span class='ocrx_word' id='word_1_110' title='bbox 1103 2397 1230 2486; x_wconf 86' lang='lat' dir='ltr'>luisse,</span> 
     </span>
     <span class='ocr_line' id='line_1_16' title="bbox 104 2534 1234 2642; baseline -0.004 -29"><span class='ocrx_word' id='word_1_111' title='bbox 104 2539 193 2636; x_wconf 91' lang='lat' dir='ltr'>quod</span> <span class='ocrx_word' id='word_1_112' title='bbox 215 2544 337 2619; x_wconf 87' lang='lat' dir='ltr'>tamen</span> <span class='ocrx_word' id='word_1_113' title='bbox 362 2541 608 2619; x_wconf 87' lang='lat' dir='ltr'>demonstrari</span> <span class='ocrx_word' id='word_1_114' title='bbox 632 2540 773 2642; x_wconf 88' lang='lat' dir='ltr'>nequit.</span> <span class='ocrx_word' id='word_1_115' title='bbox 801 2537 944 2618; x_wconf 87' lang='lat' dir='ltr'>Seculis</span> <span class='ocrx_word' id='word_1_116' title='bbox 967 2534 1131 2637; x_wconf 87' lang='lat' dir='ltr'>profecto</span> <span class='ocrx_word' id='word_1_117' title='bbox 1150 2534 1234 2634; x_wconf 81' lang='lat' dir='ltr'>post</span> 
     </span>
     <span class='ocr_line' id='line_1_17' title="bbox 104 2667 1231 2779; baseline 0 -36"><span class='ocrx_word' id='word_1_118' title='bbox 104 2673 248 2750; x_wconf 86' lang='lat' dir='ltr'>tertium</span> <span class='ocrx_word' id='word_1_119' title='bbox 271 2674 424 2778; x_wconf 91' lang='lat' dir='ltr'>reliquis</span> <span class='ocrx_word' id='word_1_120' title='bbox 454 2678 519 2754; x_wconf 87' lang='lat' dir='ltr'>vix</span> <span class='ocrx_word' id='word_1_121' title='bbox 543 2701 708 2779; x_wconf 88' lang='lat' dir='ltr'>unquam</span> <span class='ocrx_word' id='word_1_122' title='bbox 740 2677 874 2755; x_wconf 88' lang='lat' dir='ltr'>Romae</span> <span class='ocrx_word' id='word_1_123' title='bbox 897 2673 1095 2750; x_wconf 81' lang='lat' dir='ltr'>defuerunt</span> <span class='ocrx_word' id='word_1_124' title='bbox 1119 2667 1231 2770; x_wconf 84' lang='lat' dir='ltr'>graeci</span> 
     </span>
     <span class='ocr_line' id='line_1_18' title="bbox 105 2802 1243 2912; baseline -0.001 -34"><span class='ocrx_word' id='word_1_125' title='bbox 105 2802 262 2884; x_wconf 88' lang='lat' dir='ltr'>homines</span> <span class='ocrx_word' id='word_1_126' title='bbox 284 2835 378 2912; x_wconf 90' lang='lat' dir='ltr'>quos</span> <span class='ocrx_word' id='word_1_127' title='bbox 401 2811 462 2886; x_wconf 86' lang='lat' dir='ltr'>vel</span> <span class='ocrx_word' id='word_1_128' title='bbox 485 2811 589 2888; x_wconf 88' lang='lat' dir='ltr'>urbis</span> <span class='ocrx_word' id='word_1_129' title='bbox 610 2835 730 2900; x_wconf 91' lang='lat' dir='ltr'>amor,</span> <span class='ocrx_word' id='word_1_130' title='bbox 756 2809 816 2887; x_wconf 88' lang='lat' dir='ltr'>vel</span> <span class='ocrx_word' id='word_1_131' title='bbox 840 2806 1078 2911; x_wconf 86' lang='lat' dir='ltr'>popularium</span> <span class='ocrx_word' id='word_1_132' title='bbox 1097 2803 1243 2890; x_wconf 86' lang='lat' dir='ltr'>turbae,-</span> 
     </span>
     <span class='ocr_line' id='line_1_19' title="bbox 103 2939 1233 3045; baseline 0.003 -34"><span class='ocrx_word' id='word_1_133' title='bbox 103 2940 156 3015; x_wconf 87' lang='lat' dir='ltr'>vel</span> <span class='ocrx_word' id='word_1_134' title='bbox 178 2945 434 3045; x_wconf 83' lang='lat' dir='ltr'>Augustorum</span> <span class='ocrx_word' id='word_1_135' title='bbox 455 2947 671 3024; x_wconf 84' lang='lat' dir='ltr'>vexationes</span> <span class='ocrx_word' id='word_1_136' title='bbox 689 2971 735 3023; x_wconf 86' lang='lat' dir='ltr'>ex</span> <span class='ocrx_word' id='word_1_137' title='bbox 753 2945 908 3024; x_wconf 86' lang='lat' dir='ltr'>Oriente</span> <span class='ocrx_word' id='word_1_138' title='bbox 924 2943 964 3019; x_wconf 88' lang='lat' dir='ltr'>in</span> <span class='ocrx_word' id='word_1_139' title='bbox 983 2939 1132 3018; x_wconf 89' lang='lat' dir='ltr'>Italiam</span> <span class='ocrx_word' id='word_1_140' title='bbox 1149 2962 1233 3040; x_wconf 90' lang='lat' dir='ltr'>pro-</span> 
     </span>
     <span class='ocr_line' id='line_1_20' title="bbox 105 3071 1234 3183; baseline -0.001 -36"><span class='ocrx_word' id='word_1_141' title='bbox 105 3071 289 3170; x_wconf 88' lang='lat' dir='ltr'>pellebant.</span> <span class='ocrx_word' id='word_1_142' title='bbox 324 3078 443 3180; x_wconf 85' lang='lat' dir='ltr'>Cujus</span> <span class='ocrx_word' id='word_1_143' title='bbox 472 3082 525 3158; x_wconf 92' lang='lat' dir='ltr'>rei</span> <span class='ocrx_word' id='word_1_144' title='bbox 551 3081 721 3183; x_wconf 84' lang='lat' dir='ltr'>exempla</span> <span class='ocrx_word' id='word_1_145' title='bbox 747 3105 856 3175; x_wconf 86' lang='lat' dir='ltr'>nemo</span> <span class='ocrx_word' id='word_1_146' title='bbox 885 3074 1132 3182; x_wconf 85' lang='lat' dir='ltr'>postulaverit</span> <span class='ocrx_word' id='word_1_147' title='bbox 1161 3071 1234 3147; x_wconf 90' lang='lat' dir='ltr'>uisi</span> 
     </span>
     <span class='ocr_line' id='line_1_21' title="bbox 104 3207 1234 3317; baseline -0.004 -33"><span class='ocrx_word' id='word_1_148' title='bbox 104 3209 161 3306; x_wconf 92' lang='lat' dir='ltr'>qui</span> <span class='ocrx_word' id='word_1_149' title='bbox 181 3211 288 3313; x_wconf 89' lang='lat' dir='ltr'>plane</span> <span class='ocrx_word' id='word_1_150' title='bbox 313 3214 363 3290; x_wconf 84' lang='lat' dir='ltr'>sit</span> <span class='ocrx_word' id='word_1_151' title='bbox 387 3214 521 3317; x_wconf 89' lang='lat' dir='ltr'>hospes</span> <span class='ocrx_word' id='word_1_152' title='bbox 548 3215 588 3292; x_wconf 93' lang='lat' dir='ltr'>in</span> <span class='ocrx_word' id='word_1_153' title='bbox 612 3215 771 3292; x_wconf 88' lang='lat' dir='ltr'>historia</span> <span class='ocrx_word' id='word_1_154' title='bbox 794 3213 971 3291; x_wconf 86' lang='lat' dir='ltr'>ecclesiae.</span> <span class='ocrx_word' id='word_1_155' title='bbox 998 3209 1093 3298; x_wconf 84' lang='lat' dir='ltr'>Quis</span> <span class='ocrx_word' id='word_1_156' title='bbox 1116 3207 1234 3307; x_wconf 84' lang='lat' dir='ltr'>igitur</span> 
     </span>
     <span class='ocr_line' id='line_1_22' title="bbox 105 3341 1231 3451; baseline -0.002 -33"><span class='ocrx_word' id='word_1_157' title='bbox 105 3344 188 3421; x_wconf 89' lang='lat' dir='ltr'>mihi</span> <span class='ocrx_word' id='word_1_158' title='bbox 207 3347 293 3449; x_wconf 90' lang='lat' dir='ltr'>jure</span> <span class='ocrx_word' id='word_1_159' title='bbox 318 3354 546 3440; x_wconf 87' lang='lat' dir='ltr'>succenseat,</span> <span class='ocrx_word' id='word_1_160' title='bbox 573 3351 605 3427; x_wconf 92' lang='lat' dir='ltr'>si</span> <span class='ocrx_word' id='word_1_161' title='bbox 630 3351 803 3439; x_wconf 87' lang='lat' dir='ltr'>dixerim,</span> <span class='ocrx_word' id='word_1_162' title='bbox 830 3370 995 3451; x_wconf 82' lang='lat' dir='ltr'>graecum</span> <span class='ocrx_word' id='word_1_163' title='bbox 1019 3341 1231 3446; x_wconf 90' lang='lat' dir='ltr'>quempiam</span> 
     </span>
     <span class='ocr_line' id='line_1_23' title="bbox 107 3477 1231 3589; baseline -0.001 -35"><span class='ocrx_word' id='word_1_164' title='bbox 107 3477 289 3586; x_wconf 84' lang='lat' dir='ltr'>Hippolyti</span> <span class='ocrx_word' id='word_1_165' title='bbox 307 3484 490 3564; x_wconf 86' lang='lat' dir='ltr'>cultorem</span> <span class='ocrx_word' id='word_1_166' title='bbox 508 3488 642 3567; x_wconf 87' lang='lat' dir='ltr'>Romae</span> <span class='ocrx_word' id='word_1_167' title='bbox 655 3488 863 3589; x_wconf 82' lang='lat' dir='ltr'>degentem,</span> <span class='ocrx_word' id='word_1_168' title='bbox 879 3505 1137 3586; x_wconf 82' lang='lat' dir='ltr'>graecorumve</span> <span class='ocrx_word' id='word_1_169' title='bbox 1155 3501 1231 3554; x_wconf 92' lang='lat' dir='ltr'>mo·</span> 
     </span>
     <span class='ocr_line' id='line_1_24' title="bbox 106 3611 1234 3716; baseline 0.002 -29"><span class='ocrx_word' id='word_1_170' title='bbox 106 3615 300 3696; x_wconf 81' lang='lat' dir='ltr'>racharum</span> <span class='ocrx_word' id='word_1_171' title='bbox 330 3633 469 3699; x_wconf 80' lang='lat' dir='ltr'>coetum</span> <span class='ocrx_word' id='word_1_172' title='bbox 499 3627 606 3699; x_wconf 87' lang='lat' dir='ltr'>vetus</span> <span class='ocrx_word' id='word_1_173' title='bbox 636 3621 730 3699; x_wconf 91' lang='lat' dir='ltr'>illud</span> <span class='ocrx_word' id='word_1_174' title='bbox 755 3619 998 3698; x_wconf 89' lang='lat' dir='ltr'>simulacrum</span> <span class='ocrx_word' id='word_1_175' title='bbox 1028 3611 1234 3716; x_wconf 84' lang='lat' dir='ltr'>Hippolyto</span> 
     </span>
     <span class='ocr_line' id='line_1_25' title="bbox 107 3745 1234 3859; baseline -0.009 -29"><span class='ocrx_word' id='word_1_176' title='bbox 107 3747 236 3854; x_wconf 69' lang='lat' dir='ltr'>dieasse</span> <span class='ocrx_word' id='word_1_177' title='bbox 253 3757 455 3859; x_wconf 89' lang='lat' dir='ltr'>eodemque</span> <span class='ocrx_word' id='word_1_178' title='bbox 472 3757 532 3834; x_wconf 88' lang='lat' dir='ltr'>vel</span> <span class='ocrx_word' id='word_1_179' title='bbox 551 3759 807 3836; x_wconf 90' lang='lat' dir='ltr'>suburbanum</span> <span class='ocrx_word' id='word_1_180' title='bbox 821 3754 882 3831; x_wconf 89' lang='lat' dir='ltr'>vel</span> <span class='ocrx_word' id='word_1_181' title='bbox 895 3748 1157 3830; x_wconf 89' lang='lat' dir='ltr'>bibliothecam</span> <span class='ocrx_word' id='word_1_182' title='bbox 1174 3745 1234 3821; x_wconf 88' lang='lat' dir='ltr'>vel</span> 
     </span>
     <span class='ocr_line' id='line_1_26' title="bbox 108 3879 1235 3986; baseline -0.004 -29"><span class='ocrx_word' id='word_1_183' title='bbox 108 3885 212 3966; x_wconf 83' lang='lat' dir='ltr'>aedem</span> <span class='ocrx_word' id='word_1_184' title='bbox 240 3915 389 3968; x_wconf 90' lang='lat' dir='ltr'>sacram</span> <span class='ocrx_word' id='word_1_185' title='bbox 418 3893 544 3969; x_wconf 90' lang='lat' dir='ltr'>ornari</span> <span class='ocrx_word' id='word_1_186' title='bbox 570 3891 756 3968; x_wconf 69' lang='lat' dir='ltr'>voluisset</span> <span class='ocrx_word' id='word_1_187' title='bbox 789 3887 895 3967; x_wconf 93' lang='lat' dir='ltr'>Nihil</span> <span class='ocrx_word' id='word_1_188' title='bbox 925 3887 1051 3986; x_wconf 87' lang='lat' dir='ltr'>itaque</span> <span class='ocrx_word' id='word_1_189' title='bbox 1080 3879 1235 3982; x_wconf 89' lang='lat' dir='ltr'>impedit</span> 
     </span>
     <span class='ocr_line' id='line_1_27' title="bbox 108 4025 1235 4130; baseline -0.003 -36"><span class='ocrx_word' id='word_1_190' title='bbox 108 4025 291 4116; x_wconf 82' lang='lat' dir='ltr'>quominus</span> <span class='ocrx_word' id='word_1_191' title='bbox 315 4027 509 4130; x_wconf 85' lang='lat' dir='ltr'>catalogus</span> <span class='ocrx_word' id='word_1_192' title='bbox 531 4027 596 4105; x_wconf 91' lang='lat' dir='ltr'>ille</span> <span class='ocrx_word' id='word_1_193' title='bbox 617 4028 800 4106; x_wconf 86' lang='lat' dir='ltr'>habeatur</span> <span class='ocrx_word' id='word_1_194' title='bbox 816 4031 1009 4125; x_wconf 87' lang='lat' dir='ltr'>tamquam</span> <span class='ocrx_word' id='word_1_195' title='bbox 1031 4042 1124 4119; x_wconf 93' lang='lat' dir='ltr'>opus</span> <span class='ocrx_word' id='word_1_196' title='bbox 1145 4038 1235 4091; x_wconf 90' lang='lat' dir='ltr'>ano·</span> 
     </span>
     <span class='ocr_line' id='line_1_28' title="bbox 109 4146 1234 4264; baseline -0.012 -31"><span class='ocrx_word' id='word_1_197' title='bbox 109 4159 200 4254; x_wconf 84' lang='lat' dir='ltr'>nymi</span> <span class='ocrx_word' id='word_1_198' title='bbox 222 4161 417 4263; x_wconf 76' lang='lat' dir='ltr'>quusdam</span> <span class='ocrx_word' id='word_1_199' title='bbox 441 4164 505 4264; x_wconf 94' lang='lat' dir='ltr'>qui</span> <span class='ocrx_word' id='word_1_200' title='bbox 529 4161 654 4240; x_wconf 87' lang='lat' dir='ltr'>seculo</span> <span class='ocrx_word' id='word_1_201' title='bbox 677 4165 811 4264; x_wconf 88' lang='lat' dir='ltr'>quarto</span> <span class='ocrx_word' id='word_1_202' title='bbox 835 4183 925 4234; x_wconf 88' lang='lat' dir='ltr'>euve</span> <span class='ocrx_word' id='word_1_203' title='bbox 949 4152 1068 4230; x_wconf 90' lang='lat' dir='ltr'>serius</span> <span class='ocrx_word' id='word_1_204' title='bbox 1093 4146 1234 4248; x_wconf 93' lang='lat' dir='ltr'>Hippo-</span> 
     </span>
     <span class='ocr_line' id='line_1_29' title="bbox 109 4281 1235 4386; baseline -0.008 -22"><span class='ocrx_word' id='word_1_205' title='bbox 109 4283 169 4386; x_wconf 82' lang='lat' dir='ltr'>lyti</span> <span class='ocrx_word' id='word_1_206' title='bbox 195 4295 413 4373; x_wconf 88' lang='lat' dir='ltr'>memoriam</span> <span class='ocrx_word' id='word_1_207' title='bbox 439 4295 654 4374; x_wconf 75' lang='lat' dir='ltr'>curatione</span> <span class='ocrx_word' id='word_1_208' title='bbox 682 4295 905 4372; x_wconf 87' lang='lat' dir='ltr'>honoratam</span> <span class='ocrx_word' id='word_1_209' title='bbox 934 4281 1109 4362; x_wconf 88' lang='lat' dir='ltr'>voluerit.</span> <span class='ocrx_word' id='word_1_210' title='bbox 1141 4314 1157 4342; x_wconf 65' lang='lat' dir='ltr'>a</span> <span class='ocrx_word' id='word_1_211' title='bbox 1189 4321 1235 4331; x_wconf 85' lang='lat'><em>-</em></span> 
     </span>
    </p>
   </div>
   <div class='ocr_carea' id='block_1_3' title="bbox 111 4409 1236 4622">
    <p class='ocr_par' dir='ltr' id='par_1_3' title="bbox 111 4409 1236 4622">
     <span class='ocr_line' id='line_1_30' title="bbox 111 4409 1236 4530; baseline -0.012 -34"><span class='ocrx_word' id='word_1_212' title='bbox 111 4415 204 4501; x_wconf 88' lang='lat' dir='ltr'>Unde</span> <span class='ocrx_word' id='word_1_213' title='bbox 228 4428 386 4505; x_wconf 77' lang='lat' dir='ltr'>ulterius</span> <span class='ocrx_word' id='word_1_214' title='bbox 413 4434 545 4506; x_wconf 86' lang='lat' dir='ltr'>contra</span> <span class='ocrx_word' id='word_1_215' title='bbox 570 4429 730 4530; x_wconf 83' lang='lat' dir='ltr'>catalogi</span> <span class='ocrx_word' id='word_1_216' title='bbox 756 4425 1019 4505; x_wconf 86' lang='lat' dir='ltr'>auctoritatem</span> <span class='ocrx_word' id='word_1_217' title='bbox 1049 4409 1236 4490; x_wconf 90' lang='lat' dir='ltr'>concludit</span> 
     </span>
     <span class='ocr_line' id='line_1_31' title="bbox 1083 4557 1103 4622; baseline 0 0"><span class='ocrx_word' id='word_1_218' title='bbox 1083 4557 1103 4622; x_wconf 90' lang='lat' dir='ltr'>h</span> 
     </span>
    </p>
   </div>
   <div class='ocr_carea' id='block_1_4' title="bbox 0 0 1601 5134">
    <p class='ocr_par' dir='ltr' id='par_1_4' title="bbox 0 0 1601 5134">
     <span class='ocr_line' id='line_1_32' title="bbox 0 0 1601 5134; baseline 0 0"><span class='ocrx_word' id='word_1_219' title='bbox 0 0 1601 5134; x_wconf 95' lang='lat' dir='ltr'> </span> 
     </span>
    </p>
   </div>
  </div>
 </body>
</html>
