3132 5140
680 1059 684 1064 ἱ
756 1123 1000 1208 CAPUT
1052 1127 1091 1206 Ι.

439 1401 569 1458 UTRUM
591 1403 806 1462 STEPHANUS
828 1409 864 1462 IN
886 1408 1104 1466 CYPRIANUM
1125 1411 1171 1466 ET
1191 1409 1434 1469 FIRMILIANL'M

519 1525 910 1584 EXCOMMUNICATIONIS
932 1531 1167 1588 SENTENTIAM
1187 1533 1357 1590 TULERIT.

413 2076 446 2157 l.
467 2097 499 2160 1.
526 2081 600 2168 Qui
624 2081 875 2160 affirmantem
901 2085 1115 2186 opinionem
1143 2092 1283 2179 tenent,
1316 2083 1487 2190 praecipue

362 2215 549 2294 afferunt:
571 2225 606 2293 l⁰
620 2218 745 2294 Verba
762 2219 977 2296 Firmiliani
989 2221 1113 2317 Epist.
1130 2229 1181 2298 ud
1196 2225 1376 2320 Cypm'un.
1393 2245 1425 2295 n.
1443 2221 1483 2289 6:

365 2350 489 2426 alu...
517 2352 690 2454 plurimis
720 2353 923 2456 provinciis
947 2355 1069 2432 multa
1090 2381 1157 2458 pro
1181 2357 1349 2438 locorum
1374 2357 1409 2431 et
1430 2351 1483 2426 ho-

364 2522 378 2552 n
400 2487 546 2564 minum
567 2487 784 2564 diversitate
801 2489 1013 2580 variantur,
1036 2515 1102 2568 nec
1121 2497 1248 2569 tamen
1266 2493 1412 2596 propter
1427 2485 1484 2560 hoc

362 2657 376 2688 n
399 2622 446 2698 ab
469 2621 634 2698 ecclesiae
655 2622 850 2701 catholicae
873 2649 964 2726 pace
988 2630 1100 2727 atque
1127 2628 1274 2705 unitate
1300 2615 1483 2726 aliquando

363 2791 378 2822 a
401 2756 605 2833 discessum
633 2761 700 2834 est.
733 2757 841 2846 Quod
866 2783 966 2835 nunc
990 2759 1203 2862 Stephanus
1226 2785 1339 2876 ausus
1363 2755 1416 2832 est
1437 2747 1480 2824 sa·

361 2918 495 2982 neene,
526 2918 703 2996 rumpens
733 2895 913 2971 adversus
942 2921 1009 2973 vos
1040 2899 1183 2999 pacem,
1216 2923 1330 2999 quam
1355 2905 1484 2988 semper

360 3032 649 3120 nantecessones
674 3031 754 3130 ejus
777 3029 970 3105 vobiscum
994 3053 1121 3108 amone
1143 3035 1180 3108 et
1204 3030 1344 3108 honore
1367 3025 1482 3102 mutuo

361 3199 376 3227 ν
398 3163 656 3240 custodierunt
676 3199 690 3228 ‹-
713 3165 764 3262 t).

404 3339 444 3410 20
474 3333 567 3410 [bid.
601 3359 637 3409 n.
660 3321 729 3422 24;
750 3334 813 3410 ubi
845 3334 1078 3436 Stephanum
1111 3331 1333 3434 alloquens:
1357 3365 1371 3392 -·
1391 3320 1478 3402 Litess

359 3471 472 3569 a(ait)
503 3475 540 3546 et
569 3469 817 3546 dissensiones
851 3476 1011 3573 quantas
1045 3469 1187 3571 parasti
1223 3492 1291 3570 per
1324 3453 1479 3542 ecclesias

359 3608 511 3685 ”totius
540 3605 686 3684 mundi!
720 3609 926 3685 Peccatum
954 3632 1044 3683 veno
1076 3629 1189 3708 quani
1219 3623 1396 3705 magnum
1422 3581 1476 3666 tibi

358 3778 373 3808 a
395 3742 645 3844 exaggerasti,
669 3742 819 3843 quando
841 3747 877 3819 te
895 3767 918 3819 a
934 3746 991 3819 tot
1008 3740 1185 3842 gregibus
1205 3737 1366 3815 scidisti!
1387 3719 1479 3809 Exci·

358 3913 373 3944 a
395 3879 481 3955 disti
500 3877 598 3954 enim
616 3882 652 3954 te
670 3878 807 3980 ipsum.
829 3878 917 3956 Noli
935 3883 971 3955 te
989 3877 1139 3966 fallene3
1160 3875 1343 3977 siquidem
1359 3867 1417 3947 illc
1432 3862 1478 3936 esi

358 4045 373 4075 π
394 4037 483 4088 vene
500 4011 762 4090 schismaticus
780 4013 844 4115 qui
863 4033 943 4090 se'a
960 4011 1220 4088 communione
1237 3997 1477 4086 eeclesiastico

358 4181 373 4210 n
395 4145 550 4222 unitatis
577 4149 789 4247 apostatam
817 4147 947 4223 fecerit
968 4176 975 4222 :
997 4146 1087 4223 dum
1112 4145 1212 4221 enim
1233 4147 1344 4245 putas
1367 4147 1476 4216 omnes

386 4465 416 4530 (ι)
427 4463 552 4529 Append.
567 4476 628 4527 pag.
643 4457 687 4512 ot.
