3132 5140
256 489 326 535 CAP.
354 489 396 535 lll.
421 487 458 531 aa
479 486 512 530 llS
532 487 593 542 QUAE
614 485 677 532 abir
698 484 847 531 caiiisrus
869 485 894 530 S·
919 485 1063 533 PONTll‘EX.
1182 473 1240 531 905

88 679 157 731 non
185 654 493 732 admittebantur
519 651 590 728 nisi
626 655 709 753 post
738 654 929 752 peractam
959 650 1237 752 poenitentiam,

89 795 165 870 tum
182 793 229 870 de
255 817 332 869 sua
356 790 574 878 defectione,
597 791 678 866 tum
697 789 743 866 de
760 788 846 865 aliis
863 788 1025 889 peccatis
1043 812 1127 888 quae
1144 786 1240 864 forte

88 926 381 1004 commisissem.
410 925 599 1000 -Verba
619 926 746 1000 autem
775 921 972 1024 Hippolyti
1003 922 1095 999 satis
1126 921 1241 1022 expli=

89 1065 220 1138 cantur
238 1061 273 1137 si
293 1058 558 1161 intelligantur
575 1058 620 1136 de
637 1058 824 1160 prioribus
843 1061 854 1156 (
870 1061 893 1156 l.

140 1249 179 1331 6.
204 1268 256 1331 v.
298 1287 315 1316 a
355 1249 429 1327 Hic
463 1248 653 1350 praecepit,
689 1246 838 1324 tametsi
872 1247 1067 1350 episeopus
1101 1249 1239 1349 peccet,

93 1387 281 1464 ’etiamsi
306 1384 354 1461 ad
372 1359 544 1472 mortem,
572 1407 658 1458 eum
684 1407 759 1458 non
784 1385 955 1482 oportere
973 1380 1054 1456 loco
1078 1406 1145 1457 suo
1165 1405 1240 1456 mo-

92 1521 208 1596 -veri
231 1557 248 1586 n
279 1523 333 1618 (s).
356 1565 402 1575 -
421 1519 520 1606 Quid
548 1517 698 1620 proprie
722 1515 960 1616 intelligatur
977 1515 1038 1591 hic
1060 1514 1127 1592 illa
1150 1540 1240 1591 voce

90 1669 291 1750 peccalum
321 1659 372 1730 od
400 1665 574 1740 mortem,
606 1656 734 1730 utrum
761 1651 903 1728 scilicet
933 1654 1059 1730 omnia
1088 1658 1242 1756 peccata

92 1789 283 1878 mortalia,
314 1811 363 1864 an
393 1786 460 1864 illa
490 1788 570 1865 sola
599 1813 683 1889 quaa
714 1788 745 1864 si
776 1788 1025 1867 commisisset
1053 1789 1185 1879 laicus,
1218 1815 1241 1866 a

93 1923 359 1999 communione
384 1920 549 1998 ecclesiae
570 1921 829 2022 separabatur,
849 1920 999 1998 difficile
1017 1923 1166 1999 videtur
1182 1924 1241 1999 de

94 2060 210 2138 finire.
233 2065 289 2138 At

137 2267 175 2314 a.
194 2234 237 2312 Si
257 2235 298 2310 in
318 2233 436 2336 priori
460 2259 571 2310 sensu
598 2232 848 2333 intelligatur,
867 2239 973 2311 recte
996 2236 1124 2338 utique
1148 2247 1250 2339 prae-‘

96 2369 188 2471 cepit
223 2367 408 2447 Callistus
445 2373 486 2445 ut
521 2372 672 2470 propter
701 2367 892 2469 quodlibet
916 2369 1129 2471 hujusmodi
1160 2399 1240 2474 pec-

95 2509 224 2581 catum'
237 2531 313 2582 non
332 2504 579 2606 deponeretur
597 2503 804 2624 episcopus
827 2504 990 2591 Quantae
1007 2506 1107 2582 enim
1119 2508 1239 2584 turbae

96 2639 132 2714 in
153 2639 321 2716 ecclesiis
345 2638 589 2728 exstitissent,
616 2639 661 2728 si,
689 2639 833 2741 aliquot
864 2640 1020 2718 testibus
1046 2643 1241 2719 asserenti-

95 2777 160 2853 bus
189 2781 387 2879 peccatum
418 2776 568 2878 aliquod
594 2776 753 2853 mortale
776 2779 823 2854 ab
848 2778 1019 2880 episcopo
1043 2804 1123 2856 esse
1143 2804 1239 2856 corn-

96 2912 264 3001 missum‚
292 2913 324 2989 is
355 2913 483 2988 statim
508 2911 746 3014 deponendus
778 2910 922 2988 fuisset.
957 2911 1137 2988 Videmus
1167 2913 1237 2989 hoc

96 3045 217 3123 seculo
243 3045 421 3123 factiones
445 3048 482 3121 et
504 3044 709 3122 schismata
739 3044 966 3144 gravissima
989 3048 1072 3120 orta
1096 3071 1176 3122 esse
1200 3046 1238 3121 in
1352 3087 1355 3092 ·

96 3177 250 3256 ecclesia
277 3179 569 3280 Carthaginensi
607 3183 740 3256 contra
785 3180 823 3256 S.
862 3179 1096 3281 Cyprianum
1130 3187 1167 3258 et
1200 3183 1238 3258 in

97 3315 268 3395 Romana
284 3322 416 3395 contra
428 3317 467 3394 S.
486 3315 717 3394 Cornelium.
737 3315 861 3402 Quam
879 3316 990 3417 plura
1007 3318 1239 3410 exstitissent

97 3453 126 3526 si
154 3454 201 3529 ad
236 3454 433 3556 petendam
471 3453 741 3555 depositionem
775 3452 938 3554 episcopi
980 3452 1071 3564 satis
1107 3453 1239 3533 fuisset

98 3587 216 3689 ipsum
233 3616 410 3670 accusare
426 3590 588 3692 alicujus
605 3589 747 3692 peccati
765 3587 948 3666 mortalis

143 3774 174 3838 b.
194 3762 265 3840 Sed
289 3767 325 3840 et
345 3763 377 3838 si
401 3761 521 3839 altero
546 3786 658 3838 sensu
686 3761 933 3862 intelligatur,
962 3763 1074 3839 ctiam
1101 3765 1239 3867 impru-

100 3889 183 3969 dens
207 3895 338 3974 luisset
355 3895 522 3997 generali
548 3895 683 3997 regula
708 3900 873 3973 statuere
897 3896 1111 3999 episcopum
1134 3898 1172 3974 in
1196 3925 1239 3976 ea

11 4191 12 4206 Χ
87 4211 89 4216 “
130 4213 158 4278 (i)
172 4213 308 4268 Fortassis
328 4217 412 4269 etiam
431 4217 562 4268 Callistus
583 4231 648 4281 pru·
682 4217 791 4279 quaudo
815 4216 922 4268 scilicet
945 4228 1040 4267 eorum
1064 4217 1178 4268 haeresis
1198 4217 1239 4270 rel

105 4299 173 4353 danti
183 4305 649 4370 oeconomiadissimulavitculpam
683 4305 805 4357 schisma
836 4305 959 4356 nonduin
993 4305 1033 4355 ita
1066 4305 1239 4357 manifestum

105 4403 193 4444 eorum
216 4394 262 4457 qui
281 4394 402 4448 Sabellio
422 4397 471 4447 aut
490 4395 538 4447 olii
560 4397 654 4459 hujus·
688 4395 756 4448 orat.

106 4481 173 4531 moti
193 4481 250 4534 viro
273 4483 444 4548 aliquamdiu
471 4485 654 4546 adhaeserant,
722 4485 752 4548 (a)
765 4483 830 4535 Loc.
843 4483 889 4535 eit.
