3208 5150
350 411 388 469 54
655 422 726 468 mss.
749 421 917 470 1.·oraou.
941 424 968 470 s.
991 423 1071 469 amar
1093 422 1180 469 uersu.

397 588 456 666 Ad
490 587 520 664 Ι.
554 587 604 665 R.
639 585 821 673 Quamvis
854 587 985 665 demus
1014 564 1173 665 Petrum
1207 587 1376 668 Romam
1410 613 1502 690 pro·

351 724 487 801 lectum
510 746 585 800 non
609 745 689 797 csse
714 721 786 798 nisi
812 727 1008 823 postquam
1035 723 1082 799 ab
1107 720 1253 822 Angelo
1279 747 1300 798 e
1327 722 1501 799 vinculis

350 859 511 936 Herodis
531 857 712 935 liberatus
735 857 880 945 fuisset,
900 857 1133 960 probandum
1155 857 1279 935 adhuc
1301 862 1402 937 esset
1422 859 1501 937 hoc

347 996 472 1097 ipsum
495 991 694 1094 contigisse
711 1015 810 1067 anno
834 988 966 1066 ultimo
989 990 1095 1092 regni
1114 989 1277 1068 Herodis
1294 993 1495 1095 Agrippae.

348 1131 478 1230 Neque
494 1126 594 1204 enim
612 1124 648 1203 id
665 1125 758 1201 satis
778 1124 988 1201 ostenditur
1004 1149 1050 1200 ex
1067 1148 1110 1201 eo
1128 1124 1226 1226 quod
1249 1125 1375 1202 Lucas
1393 1151 1498 1204 mor-

346 1266 421 1337 tem
448 1258 608 1337 Hcrodis
634 1257 748 1334 refert
773 1255 987 1334 immediate
1011 1262 1095 1360 post
1120 1259 1379 1337 narrationem
1404 1261 1499 1338 libe-

345 1395 499 1474 rationis
534 1394 652 1472 Petri.
686 1394 798 1481 Nam,
834 1395 877 1469 ut
905 1393 1042 1495 saepius
1071 1395 1380 1474 animadversum
1411 1403 1494 1486 cst,

345 1533 384 1608 in
402 1531 533 1634 primis
550 1533 715 1608 Actuum
737 1527 935 1630 capitibus,
955 1531 1155 1630 antequam
1178 1529 1322 1608 scilicet
1344 1532 1498 1608 veniret

342 1666 392 1744 ad
421 1665 566 1742 labores
600 1660 822 1766 apostolicos
856 1660 969 1738 Pauli
999 1662 1249 1753 enarrandos,
1286 1689 1362 1741 non
1395 1663 1495 1742 adeo

343 1798 492 1876 curavit
514 1800 637 1876 Lucas
661 1800 703 1874 ut
725 1795 853 1873 stricte
876 1798 1045 1872 servaret
1061 1795 1230 1873 ordinem
1249 1796 1493 1898 chronologi-

342 1959 441 2024 cum,
461 1933 524 2011 sed
542 1930 745 2010 identidem
763 1953 807 2005 ea
823 1928 1018 2030 conjunxit
1035 1954 1118 2031 quae
1135 1929 1303 2032 aliquam
1322 1931 1493 2008 invicem

342 2071 608 2148 connexionem
626 2069 816 2146 haberent.
838 2067 964 2144 Facile
981 2067 1098 2168 igitur
1115 2069 1196 2144 ficri
1214 2070 1338 2172 potuit
1354 2075 1398 2147 ut
1415 2069 1492 2146 hoc

339 2206 435 2294 loco,
463 2211 660 2308 postquam
689 2205 902 2303 ereptumve
927 2203 1100 2279 manibus
1131 2203 1294 2282 Herodis
1325 2207 1491 2282 Petrum

340 2339 541 2428 retulisset,
556 2337 683 2416 statim
701 2334 808 2437 quasi
825 2335 1039 2437 appendicis
1055 2334 1139 2413 loco
1155 2339 1393 2439 subjunxerit
1409 2365 1491 2442 qua
1529 2365 1534 2378 ·

340 2474 483 2552 ratione
516 2470 653 2572 impius
688 2492 754 2543 rex
787 2467 925 2544 divinae
958 2469 1118 2569 justitiae
1150 2496 1282 2573 poenas
1317 2474 1486 2560 dederit,

338 2605 511 2709 quamvis
529 2603 566 2680 id
584 2601 710 2704 aliquo
728 2604 812 2703 post
828 2605 993 2703 tempore
1010 2603 1189 2682 acciderit
1207 2610 1217 2704 (
1234 2610 1257 2704 ).

295 2809 312 2822 “
390 2797 430 2881 6.
439 2788 503 2876 ¹Ita
515 2799 642 2874 autem
655 2815 735 2867 rem
752 2815 791 2866 se
805 2790 954 2880 habere,
974 2797 1011 2869 et
1027 2816 1071 2870 ea
1084 2818 1168 2895 quae
1181 2795 1221 2871 in
1238 2797 1357 2899 priori
1375 2808 1488 2904 parte
1583 2849 1584 2854 =

336 2963 418 3040 cap.
445 2959 499 3012 xn
522 2927 715 3033 (usquead
734 2949 831 3002 vers.
857 2929 914 3023 19)
937 2925 1166 3018 referuntur,
1195 2932 1365 3010 evenisse
1383 2961 1486 3013 anno

336 3070 497 3150 secundo
510 3064 615 3167 regni
630 3059 791 3138 Herodis
809 3059 884 3161 (qui
902 3059 975 3137 fuit
993 3061 1108 3138 etiam
1126 3066 1312 3142 secundus
1331 3069 1484 3172 imperii

336 3201 511 3299 Claudii),
530 3201 655 3275 cetera
671 3216 760 3268 vero
777 3215 875 3268 anno
892 3195 1040 3268 tantum
1065 3201 1213 3295 quarto,
1234 3225 1280 3275 cx
1297 3200 1386 3278 aliis
1405 3203 1486 3282 fon-

334 3336 448 3425 tibus,
467 3311 656 3436 praecipue
676 3351 723 3402 ex
746 3324 878 3401 Flavio
896 3327 919 3402 J
922 3350 1081 3416 asurim,
1100 3329 1211 3409 valde
1235 3337 1485 3436 probabiliter

334 3468 557 3570 colligimus.
579 3460 728 3539 Etenim
749 3465 785 3534 1⁰
797 3461 890 3535 teste
908 3457 1102 3536 Sunronro
1116 3464 1167 3560 (a),
1184 3464 1408 3548 interfectus
1427 3476 1485 3548 est

334 3600 510 3705 Caligula
528 3620 624 3674 nono
639 3591 824 3672 Oalendas
842 3591 1068 3669 Februarias
1082 3619 1148 3670 seu
1161 3601 1210 3674 24
1222 3603 1398 3680 Januarii
1417 3631 1479 3684 an.

333 3747 376 3818 41
395 3763 481 3816 aerae
495 3738 646 3812 nostrae.
668 3727 729 3805 Illi
747 3726 875 3804 statim
893 3727 1073 3803 successit
1089 3726 1286 3811 Olaudius.
1307 3739 1483 3845 Agrippa

331 3876 534 3963 autemut
558 3868 689 3944 narrat
705 3861 892 3964 Josephus
915 3862 966 3958 (a),
987 3861 1121 3938 Romae
1145 3869 1235 3943 tuno
1253 3875 1483 3957 versabatur

330 4016 367 4090 et
384 4005 543 4089 Claudio
565 3996 764 4077 familiaris
782 3998 876 4083 erat,
896 3993 970 4070 imo
988 3998 1026 4070 et
1042 3995 1167 4098 ipsum
1190 4001 1229 4076 in
1248 4015 1481 4108 capessendo

362 4259 393 4324 (ι)
403 4253 521 4308 Advorte
533 4249 624 4301 autam
633 4241 830 4312 (utota'actioni
841 4255 884 4294 oc·
917 4243 1089 4300 barsam„

329 4345 466 4408 curratur)
477 4344 506 4393 in
517 4351 607 4406 graeco
618 4337 695 4388 texto
712 4333 779 4394 (Act.
787 4345 834 4383 xn.
842 4333 881 4397 19)
947 4334 978 4397 (a)
995 4331 1045 4384 Vir.
1059 4331 1147 4398 Collo.
1161 4349 1221 4402 cap.
1235 4341 1277 4392 58,

330 4447 386 4486 non
410 4426 505 4482 haberi
531 4417 666 4477 aaronica
696 4433 739 4480 τε,
768 4418 816 4469 sed
840 4413 885 4470 καὶ
950 4424 982 4486 (a)
992 4421 1085 4486 enta.
1098 4423 1172 4476 XIX.
1183 4429 1208 4478 4.
