3154 5134
271 469 341 514 can
364 469 401 514 u.
424 469 459 515 or
479 469 550 514 sniis
571 466 728 515 sunoaraus
748 464 884 512 urrunnu
904 463 1063 510 isaurius,
1186 447 1245 505 275

75 617 168 695 citio
189 621 390 698 rationem
407 622 463 698 illi
480 647 560 699 esse
573 621 799 698 reddendam
816 622 871 719 (ι).
890 620 985 695 Haec
1003 621 1104 693 certe
1121 619 1245 692 mente

75 755 212 856 quieta
242 785 443 862 nunquam
468 760 685 864 protulisset

711 760 938 863 Cyprianus,
959 758 1022 834 sed
1048 757 1186 859 potius
1211 756 1243 832 si

74 893 250 971 fuissent
269 896 477 997 proposita,
497 896 736 974 vehementer
753 895 1021 997 impugnasset.

104 1189 136 1252 (1)
150 1189 251 1255 Epist.
272 1193 311 1244 ad
329 1193 424 1259 Stepb.
438 1193 652 1256 nannain
687 1215 699 1236 a

73 1299 85 1316 w
100 1291 131 1330 re
143 1293 200 1332 nec
214 1297 274 1334 nos
283 1283 473 1348 vimeuiquum
483 1285 652 1336 tacimusaut
686 1307 698 1326 n

72 1387 85 1404 ν
99 1365 200 1433 legem
226 1372 348 1434 damus,
371 1375 481 1436 quando
504 1376 602 1426 habeat
625 1375 654 1426 in
688 1397 700 1416 ··

72 1473 84 1492 ··
98 1456 238 1508 ecclesiae
252 1459 496 1513 administratione
503 1462 650 1514 voluntatis
685 1485 697 1506 a

72 1565 85 1582 υ
99 1557 162 1596 auae
174 1528 176 1536 ¹
187 1549 350 1602 arbitrium
372 1553 489 1603 liberum
508 1553 649 1616 unusquis·
686 1577 698 1597 ··

72 1653 84 1672 π
98 1646 157 1695 que
170 1639 363 1703 praepositus,
376 1642 510 1694 rationem
522 1644 598 1693 actus
609 1644 652 1694 sui
686 1667 698 1688 a

72 1742 84 1759 ·
99 1721 234 1778 Domino
276 1729 433 1782 redditurus
468 1753 479 1774 n
514 1731 650 1797 (Append.
686 1756 698 1778 π

72 1833 138 1884 pag.
152 1815 213 1882 55).
224 1851 263 1860 -
278 1823 366 1888 Epist.
376 1827 411 1876 ad
422 1826 551 1878 dubaiau.
565 1843 591 1878 n.
602 1831 650 1880 26:
685 1851 698 1875 ν

74 1932 86 1949 ι
100 1911 174 1964 Haec
185 1914 245 1965 tibi
257 1916 379 1967 breviter
388 1931 438 1981 pro
448 1921 541 1970 nostra
552 1920 652 1971 medio·
686 1943 698 1964 a

74 2020 86 2037 u
101 2002 211 2054 oritate
235 2005 446 2069 rescripsimus,
464 2009 549 2060 trater
568 2009 652 2060 caris·
687 2033 699 2054 a

77 2109 89 2128 ‚-
104 2089 196 2155 sime,
231 2095 342 2145 nemini
370 2097 581 2160 praescribentes
608 2100 654 2150 aut
688 2122 701 2143 n

78 2202 90 2220 w
104 2183 338 2244 praeiudicantes
354 2187 500 2248 quominus
511 2191 655 2252 unusquis·
689 2212 701 2232 ν

78 2290 90 2308 n
104 2283 162 2332 que
172 2273 381 2339 episcoporum
394 2277 466 2338 quod
476 2279 553 2342 putat
563 2279 653 2340 saciat,
689 2301 701 2323 ··

78 2383 91 2404 ν
105 2363 223 2417 habens
231 2367 347 2418 arbitrii
356 2370 400 2419 sui
410 2371 526 2423 liberam
535 2375 653 2438 potesta·
687 2396 699 2418 π

79 2479 91 2498 ³
104 2461 165 2512 tem
185 2485 199 2503 ν
225 2465 367 2529 (Append.
387 2480 449 2531 pag.
469 2463 526 2532 60).
543 2473 576 2506 -’-
591 2471 650 2521 net.

79 2551 166 2605 Cone.
194 2555 336 2624 carthag.
362 2557 411 2609 ΙΙΙ.
437 2559 470 2610 de
493 2561 566 2626 bapt.
592 2562 651 2612 init.

756 1192 852 1255 Neque
870 1192 943 1243 enim
955 1189 1101 1254 quisquam
1117 1190 1242 1241 nostrum

712 1285 869 1349 episcopum
899 1297 929 1332 se
963 1293 1023 1332 esse
1051 1278 1244 1344 episcoporum

714 1374 865 1434 coustituit,
877 1375 925 1424 eut
934 1371 1078 1436 tyrannico
1090 1371 1198 1422 terrore
1209 1372 1244 1422 ad
1264 1401 1267 1408 ·

711 1462 879 1526 obsequendi
903 1461 1096 1513 necessitatem
1122 1459 1244 1526 collegas

711 1569 775 1606 suos
792 1554 888 1620 adigit,
908 1552 1017 1616 quando
1037 1551 1138 1602 habeat
1153 1551 1243 1602 omnis

711 1645 856 1709 episcopus
872 1657 923 1708 pro
938 1641 1050 1693 licentia
1066 1641 1204 1692 libertatis
1217 1643 1246 1692 et

712 1735 853 1800 potestatis
865 1747 921 1784 suae
931 1731 1076 1783 arbitrium
1089 1729 1243 1794 proprium,

711 1829 951 1895 tamquejudicari
966 1829 1001 1878 ab
1017 1825 1072 1878 aiio
1089 1840 1145 1878 non
1156 1827 1245 1890 possit

712 1935 793 1984 quam
806 1935 855 1972 nec
867 1921 927 1986 ipse
941 1919 1031 1983 potest
1043 1917 1161 1967 alterum
1169 1917 1243 1980 judi-

712 2025 784 2062 care.
798 2012 851 2064 Sed
867 2009 1058 2075 exspectemus
1071 2008 1193 2058 universi
1201 2009 1244 2071 J'u-

714 2101 816 2151 dicium
828 2099 940 2150 Domini
950 2096 1038 2147 nostri
1047 2095 1115 2146 Jesu
1128 2095 1244 2159 Christi,

715 2191 761 2254 qui
774 2205 844 2240 unus
856 2191 883 2240 et
895 2187 972 2238 solus
984 2185 1066 2237 habet
1078 2187 1245 2249 potestatem

714 2281 741 2330 et
753 2277 931 2344 praeponendi
949 2287 999 2326 nos
1011 2274 1039 2355 in
1051 2273 1175 2324 ecclesiae
1187 2289 1246 2326 suae

712 2374 912 2439 gubernatione
929 2372 957 2422 et
972 2370 1006 2419 de
1018 2369 1081 2418 actu
1094 2370 1189 2420 nostro
1198 2371 1243 2432 jn-

687 2493 699 2514 n
713 2470 823 2521 dicandi
836 2492 848 2512 n
865 2467 999 2532 (Append.
1011 2479 1076 2530 pag.
1090 2462 1141 2520 tut·
