3132 5140
147 443 209 491 car.
232 445 280 490 ιιι.
304 432 398 490 ernon
418 433 577 488 scansurus
597 442 624 486 ιι
646 431 766 497 ιιιιιιιιιιι
788 431 919 486 intonen
939 439 1089 486 trunsum.
1146 421 1205 486 att·

74 608 190 698 tionis,
221 608 285 685 sed
314 606 359 684 de
380 606 614 710 impositione
636 630 771 683 manus
794 607 836 680 irc
849 607 1136 702 poenitentiam,
1165 607 1205 684 in

74 744 213 844 signum
239 741 382 821 scilicet
406 742 634 846 poenitentiae
659 745 821 845 acceptae
843 743 889 820 ab
913 741 1069 820 ecclesia
1089 747 1127 820 et
1148 768 1203 820 re-

74 876 336 954 conciliationis
363 902 448 954 cum
482 901 538 954 ea.
576 877 688 954 Hunc
722 877 823 953 enirn
852 876 968 954 ritum
1002 877 1204 980 recipiendi

74 1010 258 1090 haereticos
275 1003 323 1090 ad
341 1011 535 1089 ecclesiam
557 1010 752 1088 redeuntes
775 1011 917 1114 passim
934 1011 974 1088 in
996 1037 1067 1088 usu
1089 1011 1205 1090 luisse

74 1147 213 1245 probari
226 1151 349 1251 potest
361 1147 489 1224 multis
506 1147 744 1236 testimoniis,
764 1151 801 1225 et
814 1147 1007 1250 speciatim
1021 1149 1204 1252 Cypriani

73 1304 113 1357 ac
138 1282 396 1386 episcoporum
425 1283 481 1360 illi
510 1282 798 1360 adhaerentium.
827 1282 1041 1385 Cyprianus
1067 1283 1204 1360 etenim

25 1469 27 1474 ,
74 1417 184 1520 Epist.
204 1420 251 1498 ad
271 1421 455 1508 Quintum
469 1447 505 1496 n.
526 1425 574 1498 2:
596 1457 611 1485 u
629 1419 736 1508 Quod
755 1443 823 1496 nos
841 1444 988 1521 quoque
1005 1419 1081 1518 (ait)
1095 1420 1205 1498 hodie

77 1589 91 1618 s
111 1555 363 1646 observamus,
383 1559 427 1632 ut
445 1581 537 1658 quos
555 1559 699 1633 constet
715 1555 776 1632 hic
793 1555 1001 1657 baptizatos
1018 1579 1111 1645 esse,
1132 1560 1169 1633 et
1181 1581 1206 1633 a

75 1721 90 1752 n
108 1689 208 1766 nobis
225 1689 273 1766 ad
291 1689 488 1767 haereticos
504 1689 712 1778 transiisse,
732 1687 763 1766 si
782 1689 1033 1791 postmodum,
1053 1694 1203 1791 peccato

76 1846 173 1900 ”suo
194 1823 343 1925 cognito
368 1827 406 1900 et
434 1847 560 1900 errore
590 1823 746 1924 digesto,
774 1822 822 1899 ad
846 1822 1043 1900 veritatem
1070 1827 1107 1900 et
1127 1845 1204 1899 ma

75 1957 234 2034 »tricem
269 1957 436 2047 redeant,
468 1957 560 2034 satis
590 1957 640 2034 sit
668 1959 713 2032 ia
734 1957 1010 2053 penitentiam
1038 1977 1204 2032 monum

75 2090 297 2188 »imponere
318 2121 325 2167 :
346 2095 402 2180 ut,
427 2091 516 2193 quia
538 2091 619 2168 ovis
643 2089 778 2180 fuerat,
803 2090 900 2167 hanc
930 2113 1038 2166 ovem
1065 2085 1203 2166 abalie-

74 2225 228 2300 nnatam
258 2229 294 2301 et
325 2224 575 2300 errabundam
604 2224 644 2299 in
673 2223 772 2302 ovile
805 2249 916 2300 suum
950 2228 1079 2324 pastor
1113 2225 1204 2301 reci·

75 2388 88 2418 π
107 2356 181 2456 piat
199 2394 215 2423 n
232 2361 287 2456 (ι).
313 2359 362 2436 ut
380 2358 559 2437 Crescens
577 2383 601 2435 a
618 2357 725 2436 Cirta
748 2359 788 2434 in
806 2358 919 2437 Cone.
946 2359 1128 2460 Carthag.
1158 2358 1203 2434 de

72 2487 172 2593 Bapt.
193 2492 252 2569 Ill
275 2517 425 2570 censere
447 2518 486 2570 se
507 2493 603 2571 dixit
623 2528 639 2558 κ
659 2517 787 2570 omnes
806 2493 1002 2572 haereticos
1025 2497 1063 2570 et
1084 2493 1201 2570 schis-

74 2630 255 2708 ”maticos
285 2631 348 2732 qui
380 2631 427 2708 ad
457 2631 680 2710 catholicam
710 2630 904 2708 ecclesiam
928 2631 1118 2710 voluerint
1141 2655 1202 2707 ve-

73 2765 181 2842 nnire
213 2791 288 2844 non
320 2771 407 2845 ante
436 2767 580 2870 ingredi
611 2767 683 2844 nisi
717 2768 916 2845 exorcizati
951 2774 988 2846 et
1020 2767 1201 2870 baptizati

72 2933 84 2960 π
102 2901 202 3001 prius
219 2903 372 2994 fuerint,
392 2905 555 3007 exceptis
573 2905 633 2981 his
651 2930 740 2982 sane
757 2905 822 3007 qui
840 2905 880 2981 in
897 2903 1053 2982 ecclesia
1070 2905 1199 2982 catho-

72 3033 171 3114 nlica
191 3037 332 3117 fuerint
352 3045 438 3118 ante
457 3039 649 3142 baptizati,
674 3040 729 3118 ita
753 3043 880 3117 tamen
906 3043 949 3118 ut
963 3065 1039 3136 per
1055 3063 1202 3116 monus

71 3176 379 3272 »appositionem
399 3180 441 3254 ia
463 3179 740 3276 poenitentium
769 3178 935 3256 ecclesiae
958 3178 1201 3256 reconcilien-

70 3311 162 3384 ”lur
181 3345 198 3376 a
220 3315 274 3410 (2).

112 3474 149 3557 6.
169 3481 305 3568 Porro,
330 3500 446 3581 quum
475 3505 522 3558 ex
538 3479 664 3559 allatis
681 3479 904 3559 testimoniis
922 3484 1065 3559 constet
1087 3489 1200 3583 quam

68 3609 177 3689 facilis
198 3617 295 3692 esset
319 3613 517 3716 explicatio
542 3617 745 3694 uerborum
769 3613 951 3719 Stephani
972 3616 1063 3718 quin
1086 3639 1130 3695 ca
1156 3619 1201 3696 de

69 3751 290 3826 sacramento
323 3748 628 3828 confirmationis
657 3748 977 3852 intelligerentur,
1009 3749 1101 3828 satis
1130 3751 1199 3828 rui-

95 3996 123 4060 (1)
134 3999 254 4064 append.
266 4014 331 4066 pag.
343 3997 392 4054 ὅθ.
641 4003 776 4056 rationem
787 4004 822 4056 iis
831 4005 878 4069 qui
887 4004 963 4056 illam
975 4005 1004 4057 in
1013 4003 1111 4056 haeresi
1127 4017 1200 4057 race-

96 4091 123 4156 (ι)
134 4093 200 4147 ibid.
213 4111 276 4164 pag.
289 4093 324 4151 ⁷4
334 4127 366 4136 —
377 4099 495 4152 Marsas
511 4104 605 4154 tamen
638 4106 736 4168 perant
748 4105 933 4156 necessariam
947 4104 1100 4168 judicatam
1116 4116 1177 4156 esse
1191 4119 1197 4156 ι

69 4177 123 4239 (loc.
145 4185 188 4236 cit.
212 4200 297 4252 supra
324 4187 444 4241 Prooem.
469 4190 504 4242 11.
532 4191 566 4243 N.
590 4193 605 4243 8
639 4206 721 4257 quem
730 4193 888 4259 opinionem
898 4195 925 4244 et
937 4193 991 4258 ipsi
1004 4193 1122 4258 probant
1132 4205 1198 4244 con-

69 4282 91 4333 p.
103 4273 385 4342 aerumnosissima
401 4279 464 4346 (Op.
478 4281 525 4332 cit.
539 4281 606 4333 ibid.
640 4284 685 4334 tra
695 4279 859 4335 sententiam
872 4283 1054 4335 communiter
1061 4282 1199 4346 receptam

69 4372 92 4422 l·
112 4363 162 4416 104.
179 4393 212 4404 -
228 4367 284 4419 cfr.
302 4367 330 4432 p.
352 4369 408 4433 107)
426 4367 610 4423 'admittente
643 4372 707 4437 (cfr.
721 4371 817 4424 Theoi,
830 4371 952 4424 Wirceb.
969 4373 1035 4423 tom.
1048 4369 1080 4421 V.
1095 4371 1161 4423 fasc.
1175 4372 1198 4422 1.

70 4445 196 4515 Stephano
215 4456 300 4508 etiam
318 4453 543 4512 Confirmationis
560 4459 609 4510 ite·
642 4474 670 4525 p.
682 4459 739 4512 283.
753 4470 779 4511 n.
792 4461 857 4526 209).
