3170 5134
712 1227 955 1312 CAPUT
997 1228 1103 1310 ΙΙΙ.
1171 1309 1175 1318 .

377 1521 508 1577 UTRUM
530 1521 893 1579 PHILOSOPHOL'MENA
912 1522 1037 1580 TRIBUl
1058 1525 1209 1580 POSSINT
1229 1525 1381 1582 anteum
1403 1525 1451 1598 (1).

383 2032 417 2115 l.
444 2035 556 2113 Certe
581 2035 754 2137 negative
781 2034 1084 2136 respondendum
1110 2041 1177 2114 est.
1207 2036 1358 2113 Etenim
1386 2035 1487 2138 apud

336 2170 538 2272 Origenem
565 2171 701 2247 desunt
731 2169 808 2244 fere
837 2192 965 2246 omnes
992 2171 1102 2247 Notae
1128 2171 1238 2248 modo
1263 2169 1482 2272 assignatae.

336 2309 450 2386 Deest
485 2308 626 2386 scilieet
664 2309 765 2386 Nota
798 2313 838 2385 3ῌ
868 2337 875 2384 :
908 2333 1016 2387 nerno
1051 2309 1188 2385 etenim
1223 2333 1391 2410 unquam
1426 2304 1486 2382 vel

336 2452 552 2549 susceptum
586 2447 647 2524 vel
681 2449 906 2548 occupatum
940 2447 986 2523 ab
1028 2445 1192 2547 Origene
1227 2445 1485 2547 episcopatum

335 2581 443 2670 dixit,
471 2582 542 2658 etsi
566 2585 622 2658 tot
639 2579 851 2658 exstiterint
870 2579 951 2680 ejus
968 2578 1184 2656 laudatores
1203 2583 1240 2656 et
1257 2575 1482 2664 adversarii,

333 2740 452 2817 neque
473 2716 553 2818 ipse
578 2715 649 2794 sibi
675 2714 774 2792 hano
804 2714 1026 2816 dignitatern
1050 2739 1210 2816 usquam
1236 2712 1408 2792 vindieat
1430 2715 1480 2810 l).

333 2850 446 2927 Deest
459 2849 493 2926 N
497 2853 560 2926 ota
577 2857 618 2928 4δι
634 2879 641 2925 :
659 2873 746 2926 narn
765 2848 947 2950 Origenes
961 2852 1004 2925 ut
1021 2848 1229 2951 plurimum
1242 2848 1484 2926 Alexandriae

330 2984 392 3061 vel
406 2984 591 3064 Caesareae
603 2989 773 3062 moratus
787 2989 843 3062 est
856 2989 893 3061 et
906 2983 1054 3061 nonnisi
1071 3020 1087 3050 a
1104 2984 1296 3086 paulisper
1312 3019 1327 3049 a
1346 2983 1482 3062 Rornae

362 3323 393 3386 (r)
408 3324 463 3377 Gtr.
480 3337 564 3388 supra
575 3323 696 3376 Prooem
711 3325 771 3377 NN.
785 3327 810 3390 2,
823 3327 848 3390 3,
861 3329 886 3389 5,
920 3324 976 3376 sint
995 3321 1141 3397 ιέρεῖςῃιοη
1151 3325 1409 3376 tameneeonverso
1420 3322 1481 3374 sim-

331 3415 356 3474 7,
372 3415 409 3466 12.
921 3416 1008 3481 plices
1029 3415 1182 3481 presbyteri
1202 3410 1341 3482 ἀρχιερεῖς.
1360 3415 1389 3464 3⁰
1404 3412 1481 3464 Licet

275 3501 276 3509 ’
363 3501 393 3565 (a)
421 3499 579 3552 Gnouovrus
602 3499 703 3551 trustra
725 3499 778 3550 vim
801 3499 884 3563 hrum
918 3499 946 3550 in
959 3499 1079 3552 ecelesia
1092 3500 1228 3552 Orientali
1241 3499 1351 3564 publico
1364 3495 1480 3549 docendi

330 3589 487 3656 argumenti
506 3589 659 3655 intringere
681 3591 798 3642 conatur
820 3603 886 3640 con·
923 3586 1479 3654 munerealiquandolunctimerintsim-

331 3675 468 3727 tendendo
491 3688 540 3739 per
556 3675 627 3726 hano
649 3687 743 3726 vocem
761 3669 887 3742 ἀρχιερκ-
920 3677 1006 3740 plicas
1017 3677 1183 3742 presbyteri,
1194 3676 1250 3728 imo
1258 3678 1285 3728 et
1293 3675 1478 3742 laieiOEusss.

331 3765 391 3820 reia
418 3766 540 3832 potuisse
573 3766 726 3831 generatim
755 3763 890 3833 ἱερκτῖκην
922 3765 958 3819 Η.
968 3765 1055 3821 mvl.
1070 3769 1178 3820 l9extr.
1190 3767 1221 3818 P.
1233 3768 1265 3818 G.
1276 3765 1365 3818 t.xx.
1377 3779 1403 3828 p.
1413 3763 1477 3830 569),

330 3849 411 3926 ἀξὶαν
427 3858 575 3923 designari.
589 3859 631 3910 Ad
647 3859 707 3920 ejus
722 3861 887 3923 argumenta
922 3860 1045 3911 attamen
1067 3859 1095 3910 id
1117 3871 1258 3921 nunquam
1280 3857 1332 3908 nisi
1354 3853 1478 3921 precario

331 3955 404 4007 enirn
417 3953 497 4006 facile
514 3952 547 4005 R.
568 3954 595 4005 1⁰
612 3952 673 4004 Etsi
690 3966 889 4016 nonnunquam
920 3957 984 4020 J'ure
1004 3957 1038 4008 ab
1062 3957 1118 4008 illis
1137 3956 1288 4021 prestitum
1305 3955 1356 4018 ost,
1379 3965 1477 4004 conce-

330 4044 446 4109 simplex
458 4044 602 4108 presbyter
613 4041 685 4106 apud
703 4042 818 4095 Latinos
830 4044 884 4096 dic·
918 4045 1002 4098 dente
1014 4046 1145 4097 nimirum
1155 4047 1294 4111 episcopo,
1304 4058 1388 4109 penes
1398 4055 1478 4106 quern

330 4131 375 4181 tus
389 4133 432 4182 est
442 4129 563 4180 Antiates
578 4129 606 4180 et
617 4129 690 4193 apud
704 4129 812 4180 Grecos
824 4145 885 4196 προ.
919 4144 970 4196 pro
992 4130 1127 4182 concione
1144 4128 1254 4181 dicendi
1271 4129 1317 4191 jns
1337 4125 1476 4191 proprium

329 4217 888 4286 reseq,atnunquamdictuaestapudLa·
921 4233 1029 4284 semper
1056 4218 1199 4270 remansit.
1224 4217 1327 4267 Auctor
1355 4211 1476 4264 Philoso-

330 4307 403 4359 tinos
415 4304 546 4356 Summus
558 4303 687 4354 Sacerdos
698 4303 726 4353 et
737 4303 810 4366 apud
820 4303 890 4354 Gra·
920 4303 1097 4366 ptorcmanon
1108 4313 1173 4351 vero
1187 4297 1330 4349 manifeste
1342 4294 1393 4346 sibi
1406 4293 1476 4345 istud

329 4407 377 4445 cos
396 4385 541 4458 ἀρχιερεύς.
560 4389 589 4440 2⁰
612 4386 741 4448 Quamvis
764 4385 887 4451 episcopi
922 4401 1022 4439 munus
1041 4387 1182 4450 tamquam
1201 4397 1235 4433 ex
1254 4379 1346 4432 offlcio
1365 4378 1419 4429 eibi
1437 4377 1475 4427 in·

330 4475 481 4544 aliquando
505 4473 629 4540 generali
659 4471 771 4525 nomine
800 4471 891 4523 vocati
924 4472 1056 4525 cumbens
1068 4469 1188 4535 arrogat.
