<?xml version="1.0" encoding="UTF-8"?>
<!DOCTYPE html PUBLIC "-//W3C//DTD XHTML 1.0 Transitional//EN"
    "http://www.w3.org/TR/xhtml1/DTD/xhtml1-transitional.dtd">
<html xmlns="http://www.w3.org/1999/xhtml" xml:lang="en" lang="en">
 <head>
  <title>
</title>
<meta http-equiv="Content-Type" content="text/html;charset=utf-8" />
  <meta name='ocr-system' content='tesseract 3.04.00' />
  <meta name='ocr-capabilities' content='ocr_page ocr_carea ocr_par ocr_line ocrx_word'/>
</head>
<body>
  <div class='ocr_page' id='page_1' title='image "./dissertationess00smedgoog_0038.png"; bbox 0 0 3208 5150; ppageno 0'>
   <div class='ocr_carea' id='block_1_1' title="bbox 349 455 1265 518">
    <p class='ocr_par' dir='ltr' id='par_1_1' title="bbox 349 455 1265 518">
     <span class='ocr_line' id='line_1_1' title="bbox 349 455 1265 518; baseline 0.011 -16"><span class='ocrx_word' id='word_1_1' title='bbox 349 459 405 504; x_wconf 77' lang='lat' dir='ltr'>clr.</span> <span class='ocrx_word' id='word_1_2' title='bbox 428 461 445 503; x_wconf 86' lang='lat' dir='ltr'>l·</span> <span class='ocrx_word' id='word_1_3' title='bbox 471 460 564 505; x_wconf 71' lang='lat' dir='ltr'>[Tubu</span> <span class='ocrx_word' id='word_1_4' title='bbox 588 460 694 505; x_wconf 71' lang='lat' dir='ltr'>neruus</span> <span class='ocrx_word' id='word_1_5' title='bbox 715 459 807 504; x_wconf 76' lang='lat' dir='ltr'>nonni</span> <span class='ocrx_word' id='word_1_6' title='bbox 830 462 958 518; x_wconf 73' lang='lat' dir='ltr'>l&#39;ENlllllT,</span> <span class='ocrx_word' id='word_1_7' title='bbox 982 465 1042 509; x_wconf 81' lang='lat' dir='ltr'>ETC.</span> <span class='ocrx_word' id='word_1_8' title='bbox 1228 455 1265 512; x_wconf 66' lang='lat'>‘25</span> 
     </span>
    </p>
   </div>
   <div class='ocr_carea' id='block_1_2' title="bbox 92 627 1307 4116">
    <p class='ocr_par' dir='ltr' id='par_1_2' title="bbox 92 627 1307 4116">
     <span class='ocr_line' id='line_1_2' title="bbox 162 627 1264 740; baseline 0.003 -27"><span class='ocrx_word' id='word_1_9' title='bbox 162 627 236 713; x_wconf 74' lang='lat'>25·</span> <span class='ocrx_word' id='word_1_10' title='bbox 272 631 475 709; x_wconf 88' lang='lat' dir='ltr'>Secundum</span> <span class='ocrx_word' id='word_1_11' title='bbox 512 633 611 708; x_wconf 90' lang='lat' dir='ltr'>hunc</span> <span class='ocrx_word' id='word_1_12' title='bbox 652 637 842 710; x_wconf 77' lang='lat' dir='ltr'>auctorem</span> <span class='ocrx_word' id='word_1_13' title='bbox 878 635 1015 736; x_wconf 86' lang='lat' dir='ltr'>itaque,</span> <span class='ocrx_word' id='word_1_14' title='bbox 1059 663 1145 714; x_wconf 91' lang='lat' dir='ltr'>mox</span> <span class='ocrx_word' id='word_1_15' title='bbox 1182 648 1264 740; x_wconf 90' lang='lat' dir='ltr'>post</span> 
     </span>
     <span class='ocr_line' id='line_1_3' title="bbox 108 751 1307 870; baseline 0.008 -29"><span class='ocrx_word' id='word_1_16' title='bbox 108 769 284 842; x_wconf 79' lang='lat' dir='ltr'>mortem</span> <span class='ocrx_word' id='word_1_17' title='bbox 306 763 440 842; x_wconf 76' lang='lat' dir='ltr'>Christi</span> <span class='ocrx_word' id='word_1_18' title='bbox 465 766 549 842; x_wconf 87' lang='lat' dir='ltr'>duae</span> <span class='ocrx_word' id='word_1_19' title='bbox 571 766 669 843; x_wconf 88' lang='lat' dir='ltr'>inter</span> <span class='ocrx_word' id='word_1_20' title='bbox 690 769 770 868; x_wconf 87' lang='lat' dir='ltr'>ejus</span> <span class='ocrx_word' id='word_1_21' title='bbox 794 768 997 870; x_wconf 91' lang='lat' dir='ltr'>discipulos</span> <span class='ocrx_word' id='word_1_22' title='bbox 1016 777 1156 849; x_wconf 84' lang='lat' dir='ltr'>exortae</span> <span class='ocrx_word' id='word_1_23' title='bbox 1174 781 1262 852; x_wconf 92' lang='lat' dir='ltr'>sunt</span> <span class='ocrx_word' id='word_1_24' title='bbox 1303 751 1307 764; x_wconf 89' lang='lat'><em>.</em></span> 
     </span>
     <span class='ocr_line' id='line_1_4' title="bbox 109 899 1260 1007; baseline 0.008 -33"><span class='ocrx_word' id='word_1_25' title='bbox 109 900 303 976; x_wconf 86' lang='lat' dir='ltr'>sactiones</span> <span class='ocrx_word' id='word_1_26' title='bbox 324 899 478 976; x_wconf 87' lang='lat' dir='ltr'>invicem</span> <span class='ocrx_word' id='word_1_27' title='bbox 500 901 693 1007; x_wconf 81' lang='lat' dir='ltr'>oppositae,</span> <span class='ocrx_word' id='word_1_28' title='bbox 718 901 802 978; x_wconf 87' lang='lat' dir='ltr'>aliis</span> <span class='ocrx_word' id='word_1_29' title='bbox 828 902 969 981; x_wconf 89' lang='lat' dir='ltr'>scilicet</span> <span class='ocrx_word' id='word_1_30' title='bbox 994 904 1260 1007; x_wconf 79' lang='lat' dir='ltr'>obligationem</span> 
     </span>
     <span class='ocr_line' id='line_1_5' title="bbox 106 1033 1256 1140; baseline 0.008 -33"><span class='ocrx_word' id='word_1_31' title='bbox 106 1033 209 1134; x_wconf 87' lang='lat' dir='ltr'>legis</span> <span class='ocrx_word' id='word_1_32' title='bbox 228 1034 252 1109; x_wconf 84' lang='lat' dir='ltr'>J</span> <span class='ocrx_word' id='word_1_33' title='bbox 256 1033 408 1122; x_wconf 85' lang='lat' dir='ltr'>udaicae,</span> <span class='ocrx_word' id='word_1_34' title='bbox 429 1060 495 1137; x_wconf 90' lang='lat' dir='ltr'>per</span> <span class='ocrx_word' id='word_1_35' title='bbox 509 1034 703 1112; x_wconf 79' lang='lat' dir='ltr'>Christum</span> <span class='ocrx_word' id='word_1_36' title='bbox 721 1040 846 1111; x_wconf 90' lang='lat' dir='ltr'>tamen</span> <span class='ocrx_word' id='word_1_37' title='bbox 861 1037 1054 1140; x_wconf 83' lang='lat' dir='ltr'>completae</span> <span class='ocrx_word' id='word_1_38' title='bbox 1068 1043 1104 1114; x_wconf 90' lang='lat' dir='ltr'>et</span> <span class='ocrx_word' id='word_1_39' title='bbox 1122 1045 1256 1128; x_wconf 63' lang='lat' dir='ltr'>auctae,</span> 
     </span>
     <span class='ocr_line' id='line_1_6' title="bbox 106 1167 1257 1272; baseline 0.009 -31"><span class='ocrx_word' id='word_1_40' title='bbox 106 1191 335 1268; x_wconf 90' lang='lat' dir='ltr'>permanere</span> <span class='ocrx_word' id='word_1_41' title='bbox 355 1167 641 1256; x_wconf 75' lang='lat' dir='ltr'>affirmantibus</span> <span class='ocrx_word' id='word_1_42' title='bbox 662 1168 746 1245; x_wconf 90' lang='lat' dir='ltr'>aliis</span> <span class='ocrx_word' id='word_1_43' title='bbox 765 1175 934 1247; x_wconf 90' lang='lat' dir='ltr'>econtra</span> <span class='ocrx_word' id='word_1_44' title='bbox 956 1171 1076 1272; x_wconf 87' lang='lat' dir='ltr'>legem</span> <span class='ocrx_word' id='word_1_45' title='bbox 1094 1179 1257 1251; x_wconf 86' lang='lat' dir='ltr'>veterem</span> 
     </span>
     <span class='ocr_line' id='line_1_7' title="bbox 103 1303 1256 1409; baseline 0.008 -33"><span class='ocrx_word' id='word_1_46' title='bbox 103 1303 336 1402; x_wconf 75' lang='lat' dir='ltr'>abrogatam</span> <span class='ocrx_word' id='word_1_47' title='bbox 362 1303 665 1380; x_wconf 83' lang='lat' dir='ltr'>contendentibus</span> <span class='ocrx_word' id='word_1_48' title='bbox 696 1307 733 1380; x_wconf 91' lang='lat' dir='ltr'>et</span> <span class='ocrx_word' id='word_1_49' title='bbox 763 1304 881 1381; x_wconf 91' lang='lat' dir='ltr'>solam</span> <span class='ocrx_word' id='word_1_50' title='bbox 903 1305 1023 1406; x_wconf 91' lang='lat' dir='ltr'>legem</span> <span class='ocrx_word' id='word_1_51' title='bbox 1046 1333 1110 1383; x_wconf 94' lang='lat' dir='ltr'>seu</span> <span class='ocrx_word' id='word_1_52' title='bbox 1133 1309 1256 1409; x_wconf 86' lang='lat' dir='ltr'>potius</span> 
     </span>
     <span class='ocr_line' id='line_1_8' title="bbox 104 1426 1256 1542; baseline 0.005 -28"><span class='ocrx_word' id='word_1_53' title='bbox 104 1439 223 1514; x_wconf 86' lang='lat' dir='ltr'>tidem</span> <span class='ocrx_word' id='word_1_54' title='bbox 245 1439 388 1516; x_wconf 82' lang='lat' dir='ltr'>Christi</span> <span class='ocrx_word' id='word_1_55' title='bbox 405 1441 578 1516; x_wconf 93' lang='lat' dir='ltr'>omnibus</span> <span class='ocrx_word' id='word_1_56' title='bbox 597 1464 715 1542; x_wconf 85' lang='lat' dir='ltr'>aeque,</span> <span class='ocrx_word' id='word_1_57' title='bbox 735 1441 879 1517; x_wconf 80' lang='lat' dir='ltr'>ludaeis</span> <span class='ocrx_word' id='word_1_58' title='bbox 898 1467 941 1518; x_wconf 90' lang='lat' dir='ltr'>ac</span> <span class='ocrx_word' id='word_1_59' title='bbox 961 1426 1156 1532; x_wconf 87' lang='lat' dir='ltr'>Gentibus,</span> <span class='ocrx_word' id='word_1_60' title='bbox 1177 1471 1256 1520; x_wconf 87' lang='lat' dir='ltr'>csse</span> 
     </span>
     <span class='ocr_line' id='line_1_9' title="bbox 102 1577 1252 1680; baseline 0.004 -28"><span class='ocrx_word' id='word_1_61' title='bbox 102 1578 356 1679; x_wconf 86' lang='lat' dir='ltr'>propositam.</span> <span class='ocrx_word' id='word_1_62' title='bbox 392 1577 548 1655; x_wconf 92' lang='lat' dir='ltr'>Illorum</span> <span class='ocrx_word' id='word_1_63' title='bbox 574 1579 705 1654; x_wconf 88' lang='lat' dir='ltr'>ducem</span> <span class='ocrx_word' id='word_1_64' title='bbox 737 1603 775 1653; x_wconf 89' lang='lat' dir='ltr'>se</span> <span class='ocrx_word' id='word_1_65' title='bbox 801 1578 990 1680; x_wconf 79' lang='lat' dir='ltr'>protessus</span> <span class='ocrx_word' id='word_1_66' title='bbox 1016 1585 1072 1657; x_wconf 91' lang='lat' dir='ltr'>est</span> <span class='ocrx_word' id='word_1_67' title='bbox 1102 1583 1252 1669; x_wconf 88' lang='lat' dir='ltr'>Petrus,</span> 
     </span>
     <span class='ocr_line' id='line_1_10' title="bbox 101 1708 1253 1812; baseline 0.007 -28"><span class='ocrx_word' id='word_1_68' title='bbox 101 1710 246 1786; x_wconf 89' lang='lat' dir='ltr'>horum</span> <span class='ocrx_word' id='word_1_69' title='bbox 263 1709 407 1786; x_wconf 89' lang='lat' dir='ltr'>Paulus</span> <span class='ocrx_word' id='word_1_70' title='bbox 425 1742 431 1786; x_wconf 94' lang='lat'>:</span> <span class='ocrx_word' id='word_1_71' title='bbox 451 1711 547 1786; x_wconf 93' lang='lat' dir='ltr'>unde</span> <span class='ocrx_word' id='word_1_72' title='bbox 560 1708 644 1786; x_wconf 77' lang='lat' dir='ltr'>duae</span> <span class='ocrx_word' id='word_1_73' title='bbox 658 1715 782 1798; x_wconf 75' lang='lat' dir='ltr'>sectae,</span> <span class='ocrx_word' id='word_1_74' title='bbox 798 1736 957 1812; x_wconf 89' lang='lat' dir='ltr'>quarum</span> <span class='ocrx_word' id='word_1_75' title='bbox 972 1711 1091 1790; x_wconf 89' lang='lat' dir='ltr'>altera</span> <span class='ocrx_word' id='word_1_76' title='bbox 1105 1716 1126 1791; x_wconf 88' lang='lat' dir='ltr'>J</span> <span class='ocrx_word' id='word_1_77' title='bbox 1132 1715 1253 1792; x_wconf 73' lang='lat' dir='ltr'>udreo-</span> 
     </span>
     <span class='ocr_line' id='line_1_11' title="bbox 100 1847 1251 1956; baseline 0.003 -30"><span class='ocrx_word' id='word_1_78' title='bbox 100 1848 350 1936; x_wconf 85' lang='lat' dir='ltr'>Christiana,</span> <span class='ocrx_word' id='word_1_79' title='bbox 387 1849 505 1927; x_wconf 84' lang='lat' dir='ltr'>altera</span> <span class='ocrx_word' id='word_1_80' title='bbox 536 1847 936 1926; x_wconf 83' lang='lat' dir='ltr'>Etlmieo-Christiana</span> <span class='ocrx_word' id='word_1_81' title='bbox 970 1851 1042 1927; x_wconf 88' lang='lat' dir='ltr'>diei</span> <span class='ocrx_word' id='word_1_82' title='bbox 1079 1859 1251 1956; x_wconf 85' lang='lat' dir='ltr'>possunt,</span> 
     </span>
     <span class='ocr_line' id='line_1_12' title="bbox 93 1983 1252 2084; baseline 0.004 -26"><span class='ocrx_word' id='word_1_83' title='bbox 93 1985 189 2084; x_wconf 88' lang='lat' dir='ltr'>jure</span> <span class='ocrx_word' id='word_1_84' title='bbox 214 1983 330 2058; x_wconf 86' lang='lat' dir='ltr'>etiam</span> <span class='ocrx_word' id='word_1_85' title='bbox 353 1985 586 2060; x_wconf 80' lang='lat' dir='ltr'>Petrim&#39;srni</span> <span class='ocrx_word' id='word_1_86' title='bbox 607 1988 644 2060; x_wconf 92' lang='lat' dir='ltr'>et</span> <span class='ocrx_word' id='word_1_87' title='bbox 666 1985 907 2060; x_wconf 78' lang='lat' dir='ltr'>Poub&#39;ra&#39;sna&#39;</span> <span class='ocrx_word' id='word_1_88' title='bbox 928 1986 1140 2062; x_wconf 88' lang='lat' dir='ltr'>nominibus</span> <span class='ocrx_word' id='word_1_89' title='bbox 1157 1987 1252 2063; x_wconf 90' lang='lat' dir='ltr'>desi-</span> 
     </span>
     <span class='ocr_line' id='line_1_13' title="bbox 98 2103 1251 2219; baseline 0.002 -27"><span class='ocrx_word' id='word_1_90' title='bbox 98 2103 288 2218; x_wconf 85' lang='lat' dir='ltr'>gnantur.</span> <span class='ocrx_word' id='word_1_91' title='bbox 310 2117 559 2194; x_wconf 87' lang='lat' dir='ltr'>Vehementer</span> <span class='ocrx_word' id='word_1_92' title='bbox 576 2142 630 2193; x_wconf 87' lang='lat' dir='ltr'>eae</span> <span class='ocrx_word' id='word_1_93' title='bbox 648 2117 745 2193; x_wconf 90' lang='lat' dir='ltr'>inter</span> <span class='ocrx_word' id='word_1_94' title='bbox 764 2141 802 2192; x_wconf 90' lang='lat' dir='ltr'>se</span> <span class='ocrx_word' id='word_1_95' title='bbox 823 2116 1050 2193; x_wconf 88' lang='lat' dir='ltr'>dimicarunt</span> <span class='ocrx_word' id='word_1_96' title='bbox 1068 2143 1185 2219; x_wconf 91' lang='lat' dir='ltr'>usque</span> <span class='ocrx_word' id='word_1_97' title='bbox 1204 2119 1251 2194; x_wconf 90' lang='lat' dir='ltr'>ad</span> 
     </span>
     <span class='ocr_line' id='line_1_14' title="bbox 98 2250 1252 2358; baseline 0.002 -31"><span class='ocrx_word' id='word_1_98' title='bbox 98 2251 274 2327; x_wconf 90' lang='lat' dir='ltr'>medium</span> <span class='ocrx_word' id='word_1_99' title='bbox 296 2251 444 2327; x_wconf 83' lang='lat' dir='ltr'>circiter</span> <span class='ocrx_word' id='word_1_100' title='bbox 468 2250 635 2358; x_wconf 85' lang='lat' dir='ltr'>seculum</span> <span class='ocrx_word' id='word_1_101' title='bbox 660 2252 697 2326; x_wconf 92' lang='lat' dir='ltr'>Il</span> <span class='ocrx_word' id='word_1_102' title='bbox 721 2257 770 2340; x_wconf 87' lang='lat' dir='ltr'>et,</span> <span class='ocrx_word' id='word_1_103' title='bbox 795 2255 954 2352; x_wconf 91' lang='lat' dir='ltr'>utraque</span> <span class='ocrx_word' id='word_1_104' title='bbox 979 2253 1099 2353; x_wconf 90' lang='lat' dir='ltr'>magis</span> <span class='ocrx_word' id='word_1_105' title='bbox 1118 2253 1252 2329; x_wconf 88' lang='lat' dir='ltr'>indies</span> 
     </span>
     <span class='ocr_line' id='line_1_15' title="bbox 97 2384 1252 2471; baseline 0 -9"><span class='ocrx_word' id='word_1_106' title='bbox 97 2387 146 2462; x_wconf 92' lang='lat' dir='ltr'>ab</span> <span class='ocrx_word' id='word_1_107' title='bbox 172 2385 299 2462; x_wconf 87' lang='lat' dir='ltr'>altera</span> <span class='ocrx_word' id='word_1_108' title='bbox 324 2385 527 2471; x_wconf 74' lang='lat' dir='ltr'>recedente,</span> <span class='ocrx_word' id='word_1_109' title='bbox 553 2384 704 2460; x_wconf 85' lang='lat' dir='ltr'>tandem</span> <span class='ocrx_word' id='word_1_110' title='bbox 726 2385 773 2460; x_wconf 92' lang='lat' dir='ltr'>ad</span> <span class='ocrx_word' id='word_1_111' title='bbox 798 2389 985 2460; x_wconf 82' lang='lat' dir='ltr'>extremas</span> <span class='ocrx_word' id='word_1_112' title='bbox 1004 2384 1088 2460; x_wconf 88' lang='lat' dir='ltr'>illas</span> <span class='ocrx_word' id='word_1_113' title='bbox 1106 2389 1252 2462; x_wconf 89' lang='lat' dir='ltr'>contra-</span> 
     </span>
     <span class='ocr_line' id='line_1_16' title="bbox 98 2520 1251 2622; baseline -0.001 -25"><span class='ocrx_word' id='word_1_114' title='bbox 98 2523 252 2598; x_wconf 88' lang='lat' dir='ltr'>riarum</span> <span class='ocrx_word' id='word_1_115' title='bbox 284 2520 538 2597; x_wconf 84' lang='lat' dir='ltr'>doctrinarum</span> <span class='ocrx_word' id='word_1_116' title='bbox 565 2521 729 2596; x_wconf 87' lang='lat' dir='ltr'>rationes</span> <span class='ocrx_word' id='word_1_117' title='bbox 759 2520 989 2595; x_wconf 85' lang='lat' dir='ltr'>devenerunt</span> <span class='ocrx_word' id='word_1_118' title='bbox 1014 2545 1098 2620; x_wconf 83' lang='lat' dir='ltr'>quae</span> <span class='ocrx_word' id='word_1_119' title='bbox 1124 2525 1251 2622; x_wconf 89' lang='lat' dir='ltr'>postea</span> 
     </span>
     <span class='ocr_line' id='line_1_17' title="bbox 96 2655 1250 2758; baseline -0.003 -22"><span class='ocrx_word' id='word_1_120' title='bbox 96 2661 389 2737; x_wconf 73' lang='lat' dir='ltr'>Izbr&#39;om&#39;lz&#39;smus</span> <span class='ocrx_word' id='word_1_121' title='bbox 414 2663 450 2735; x_wconf 89' lang='lat' dir='ltr'>et</span> <span class='ocrx_word' id='word_1_122' title='bbox 474 2661 805 2734; x_wconf 77' lang='lat' dir='ltr'>Morcr&#39;onr&#39;tzsmus</span> <span class='ocrx_word' id='word_1_123' title='bbox 834 2655 1031 2758; x_wconf 84' lang='lat' dir='ltr'>appellatae</span> <span class='ocrx_word' id='word_1_124' title='bbox 1061 2661 1159 2733; x_wconf 89' lang='lat' dir='ltr'>sunt.</span> <span class='ocrx_word' id='word_1_125' title='bbox 1190 2657 1250 2733; x_wconf 92' lang='lat' dir='ltr'>ln-</span> 
     </span>
     <span class='ocr_line' id='line_1_18' title="bbox 95 2789 1249 2902; baseline -0.006 -30"><span class='ocrx_word' id='word_1_126' title='bbox 95 2811 205 2873; x_wconf 85' lang='lat' dir='ltr'>terea</span> <span class='ocrx_word' id='word_1_127' title='bbox 237 2801 365 2872; x_wconf 91' lang='lat' dir='ltr'>tamen</span> <span class='ocrx_word' id='word_1_128' title='bbox 395 2794 582 2894; x_wconf 85' lang='lat' dir='ltr'>utrimque</span> <span class='ocrx_word' id='word_1_129' title='bbox 613 2792 832 2894; x_wconf 88' lang='lat' dir='ltr'>prodierunt</span> <span class='ocrx_word' id='word_1_130' title='bbox 859 2791 971 2867; x_wconf 89' lang='lat' dir='ltr'>etiam</span> <span class='ocrx_word' id='word_1_131' title='bbox 998 2789 1070 2864; x_wconf 86' lang='lat' dir='ltr'>viri</span> <span class='ocrx_word' id='word_1_132' title='bbox 1098 2790 1249 2902; x_wconf 87' lang='lat' dir='ltr'>quidam</span> 
     </span>
     <span class='ocr_line' id='line_1_19' title="bbox 95 2923 1250 3027; baseline -0.003 -24"><span class='ocrx_word' id='word_1_133' title='bbox 95 2926 367 3004; x_wconf 82' lang='lat' dir='ltr'>moderatioris</span> <span class='ocrx_word' id='word_1_134' title='bbox 398 2927 550 3027; x_wconf 87' lang='lat' dir='ltr'>ingenii,</span> <span class='ocrx_word' id='word_1_135' title='bbox 583 2927 645 3027; x_wconf 87' lang='lat' dir='ltr'>qui</span> <span class='ocrx_word' id='word_1_136' title='bbox 677 2925 886 3000; x_wconf 88' lang='lat' dir='ltr'>dissensum</span> <span class='ocrx_word' id='word_1_137' title='bbox 916 2923 1023 3000; x_wconf 92' lang='lat' dir='ltr'>illum</span> <span class='ocrx_word' id='word_1_138' title='bbox 1054 2923 1184 2999; x_wconf 91' lang='lat' dir='ltr'>tollere</span> <span class='ocrx_word' id='word_1_139' title='bbox 1214 2929 1250 3000; x_wconf 90' lang='lat' dir='ltr'>et</span> 
     </span>
     <span class='ocr_line' id='line_1_20' title="bbox 95 3059 1247 3154; baseline -0.003 -15"><span class='ocrx_word' id='word_1_140' title='bbox 95 3089 216 3140; x_wconf 89' lang='lat' dir='ltr'>unam</span> <span class='ocrx_word' id='word_1_141' title='bbox 233 3061 472 3154; x_wconf 39' lang='lat' dir='ltr'>,Christianae</span> <span class='ocrx_word' id='word_1_142' title='bbox 493 3062 672 3137; x_wconf 85' lang='lat' dir='ltr'>doctrinae</span> <span class='ocrx_word' id='word_1_143' title='bbox 696 3065 924 3136; x_wconf 88' lang='lat' dir='ltr'>sectatorum</span> <span class='ocrx_word' id='word_1_144' title='bbox 946 3059 1140 3135; x_wconf 87' lang='lat' dir='ltr'>ecelesiam</span> <span class='ocrx_word' id='word_1_145' title='bbox 1163 3085 1247 3135; x_wconf 92' lang='lat' dir='ltr'>con-</span> 
     </span>
     <span class='ocr_line' id='line_1_21' title="bbox 93 3193 1247 3297; baseline -0.003 -23"><span class='ocrx_word' id='word_1_146' title='bbox 93 3201 261 3276; x_wconf 83' lang='lat' dir='ltr'>stituere</span> <span class='ocrx_word' id='word_1_147' title='bbox 276 3201 364 3272; x_wconf 93' lang='lat' dir='ltr'>sunt</span> <span class='ocrx_word' id='word_1_148' title='bbox 382 3196 561 3297; x_wconf 78' lang='lat' dir='ltr'>aggressi.</span> <span class='ocrx_word' id='word_1_149' title='bbox 580 3196 701 3283; x_wconf 82' lang='lat' dir='ltr'>Quem</span> <span class='ocrx_word' id='word_1_150' title='bbox 719 3195 757 3270; x_wconf 94' lang='lat' dir='ltr'>in</span> <span class='ocrx_word' id='word_1_151' title='bbox 777 3196 902 3281; x_wconf 84' lang='lat' dir='ltr'>finem,</span> <span class='ocrx_word' id='word_1_152' title='bbox 919 3219 1034 3295; x_wconf 90' lang='lat' dir='ltr'>quum</span> <span class='ocrx_word' id='word_1_153' title='bbox 1053 3193 1247 3270; x_wconf 69' lang='lat' dir='ltr'>discordia&gt;</span> 
     </span>
     <span class='ocr_line' id='line_1_22' title="bbox 92 3325 1246 3436; baseline -0.006 -26"><span class='ocrx_word' id='word_1_154' title='bbox 92 3337 211 3436; x_wconf 68' lang='lat' dir='ltr'>carpat</span> <span class='ocrx_word' id='word_1_155' title='bbox 232 3331 273 3407; x_wconf 95' lang='lat' dir='ltr'>in</span> <span class='ocrx_word' id='word_1_156' title='bbox 292 3329 361 3405; x_wconf 89' lang='lat' dir='ltr'>hoc</span> <span class='ocrx_word' id='word_1_157' title='bbox 381 3328 509 3405; x_wconf 87' lang='lat' dir='ltr'>haberi</span> <span class='ocrx_word' id='word_1_158' title='bbox 531 3331 724 3403; x_wconf 89' lang='lat' dir='ltr'>cernerent</span> <span class='ocrx_word' id='word_1_159' title='bbox 747 3326 843 3427; x_wconf 91' lang='lat' dir='ltr'>quod</span> <span class='ocrx_word' id='word_1_160' title='bbox 869 3325 1091 3401; x_wconf 83' lang='lat' dir='ltr'>Paulinistae</span> <span class='ocrx_word' id='word_1_161' title='bbox 1115 3325 1246 3403; x_wconf 87' lang='lat' dir='ltr'>salutis</span> 
     </span>
     <span class='ocr_line' id='line_1_23' title="bbox 93 3461 1246 3567; baseline -0.01 -20"><span class='ocrx_word' id='word_1_162' title='bbox 93 3472 279 3546; x_wconf 66' lang='lat' dir='ltr'>humanae</span> <span class='ocrx_word' id='word_1_163' title='bbox 300 3465 524 3567; x_wconf 89' lang='lat' dir='ltr'>principium</span> <span class='ocrx_word' id='word_1_164' title='bbox 545 3463 813 3540; x_wconf 86' lang='lat' dir='ltr'>constituerent</span> <span class='ocrx_word' id='word_1_165' title='bbox 831 3463 870 3537; x_wconf 95' lang='lat' dir='ltr'>in</span> <span class='ocrx_word' id='word_1_166' title='bbox 890 3467 963 3554; x_wconf 76' lang='lat' dir='ltr'>fide</span> <span class='ocrx_word' id='word_1_167' title='bbox 984 3461 1246 3562; x_wconf 87' lang='lat' dir='ltr'>redemptionis</span> 
     </span>
     <span class='ocr_line' id='line_1_24' title="bbox 93 3579 1245 3708; baseline -0.011 -27"><span class='ocrx_word' id='word_1_168' title='bbox 93 3633 160 3708; x_wconf 89' lang='lat' dir='ltr'>per</span> <span class='ocrx_word' id='word_1_169' title='bbox 180 3601 330 3682; x_wconf 87' lang='lat' dir='ltr'>Christi</span> <span class='ocrx_word' id='word_1_170' title='bbox 353 3604 510 3675; x_wconf 88' lang='lat' dir='ltr'>mortem</span> <span class='ocrx_word' id='word_1_171' title='bbox 531 3605 567 3675; x_wconf 92' lang='lat' dir='ltr'>et</span> <span class='ocrx_word' id='word_1_172' title='bbox 590 3597 900 3673; x_wconf 89' lang='lat' dir='ltr'>resurrectionem</span> <span class='ocrx_word' id='word_1_173' title='bbox 924 3579 1148 3696; x_wconf 67' lang='lat' dir='ltr'>procuratae,</span> <span class='ocrx_word' id='word_1_174' title='bbox 1176 3595 1245 3669; x_wconf 90' lang='lat' dir='ltr'>Pe-</span> 
     </span>
     <span class='ocr_line' id='line_1_25' title="bbox 92 3729 1246 3832; baseline -0.011 -14"><span class='ocrx_word' id='word_1_175' title='bbox 92 3743 261 3818; x_wconf 81' lang='lat' dir='ltr'>trinistae</span> <span class='ocrx_word' id='word_1_176' title='bbox 289 3761 377 3811; x_wconf 78' lang='lat' dir='ltr'>vero</span> <span class='ocrx_word' id='word_1_177' title='bbox 403 3735 441 3810; x_wconf 95' lang='lat' dir='ltr'>in</span> <span class='ocrx_word' id='word_1_178' title='bbox 467 3736 641 3831; x_wconf 81' lang='lat' dir='ltr'>operibns</span> <span class='ocrx_word' id='word_1_179' title='bbox 667 3732 773 3832; x_wconf 90' lang='lat' dir='ltr'>legis,</span> <span class='ocrx_word' id='word_1_180' title='bbox 803 3729 926 3832; x_wconf 90' lang='lat' dir='ltr'>qualis</span> <span class='ocrx_word' id='word_1_181' title='bbox 953 3731 1032 3804; x_wconf 81' lang='lat' dir='ltr'>lnce</span> <span class='ocrx_word' id='word_1_182' title='bbox 1055 3755 1120 3830; x_wconf 90' lang='lat' dir='ltr'>per</span> <span class='ocrx_word' id='word_1_183' title='bbox 1139 3729 1246 3806; x_wconf 83' lang='lat' dir='ltr'>Chri-</span> 
     </span>
     <span class='ocr_line' id='line_1_26' title="bbox 93 3865 1245 3978; baseline -0.01 -26"><span class='ocrx_word' id='word_1_184' title='bbox 93 3887 195 3956; x_wconf 78' lang='lat' dir='ltr'>stum</span> <span class='ocrx_word' id='word_1_185' title='bbox 224 3873 431 3978; x_wconf 87' lang='lat' dir='ltr'>proposita,</span> <span class='ocrx_word' id='word_1_186' title='bbox 461 3869 647 3973; x_wconf 78' lang='lat' dir='ltr'>explicata</span> <span class='ocrx_word' id='word_1_187' title='bbox 672 3874 709 3945; x_wconf 89' lang='lat' dir='ltr'>et</span> <span class='ocrx_word' id='word_1_188' title='bbox 735 3869 900 3971; x_wconf 87' lang='lat' dir='ltr'>perlecta</span> <span class='ocrx_word' id='word_1_189' title='bbox 924 3871 1017 3954; x_wconf 89' lang='lat' dir='ltr'>erat,</span> <span class='ocrx_word' id='word_1_190' title='bbox 1045 3865 1245 3942; x_wconf 86' lang='lat' dir='ltr'>formulam</span> 
     </span>
     <span class='ocr_line' id='line_1_27' title="bbox 93 4001 1246 4116; baseline -0.008 -30"><span class='ocrx_word' id='word_1_191' title='bbox 93 4011 303 4116; x_wconf 85' lang='lat' dir='ltr'>quamdam</span> <span class='ocrx_word' id='word_1_192' title='bbox 329 4005 625 4083; x_wconf 88' lang='lat' dir='ltr'>conciliatoriam</span> <span class='ocrx_word' id='word_1_193' title='bbox 649 4003 922 4080; x_wconf 82' lang='lat' dir='ltr'>adimenerunt</span> <span class='ocrx_word' id='word_1_194' title='bbox 945 4027 1029 4101; x_wconf 75' lang='lat' dir='ltr'>quae</span> <span class='ocrx_word' id='word_1_195' title='bbox 1051 4001 1246 4102; x_wconf 84' lang='lat' dir='ltr'>utriusque</span> 
     </span>
    </p>
   </div>
   <div class='ocr_carea' id='block_1_3' title="bbox 95 4136 1316 4518">
    <p class='ocr_par' dir='ltr' id='par_1_3' title="bbox 95 4136 1316 4518">
     <span class='ocr_line' id='line_1_28' title="bbox 95 4136 1245 4244; baseline -0.01 -20"><span class='ocrx_word' id='word_1_196' title='bbox 95 4150 285 4228; x_wconf 85' lang='lat' dir='ltr'>doctrinae</span> <span class='ocrx_word' id='word_1_197' title='bbox 319 4169 505 4220; x_wconf 88' lang='lat' dir='ltr'>summam</span> <span class='ocrx_word' id='word_1_198' title='bbox 540 4142 864 4244; x_wconf 85' lang='lat' dir='ltr'>complecteretur,</span> <span class='ocrx_word' id='word_1_199' title='bbox 897 4145 939 4214; x_wconf 87' lang='lat' dir='ltr'>ut</span> <span class='ocrx_word' id='word_1_200' title='bbox 972 4138 1114 4213; x_wconf 86' lang='lat' dir='ltr'>scilicet</span> <span class='ocrx_word' id='word_1_201' title='bbox 1140 4136 1245 4215; x_wconf 88' lang='lat' dir='ltr'>salus</span> 
     </span>
     <span class='ocr_line' id='line_1_29' title="bbox 96 4271 1316 4394; baseline -0.017 -29"><span class='ocrx_word' id='word_1_202' title='bbox 96 4289 271 4364; x_wconf 86' lang='lat' dir='ltr'>lnmrana</span> <span class='ocrx_word' id='word_1_203' title='bbox 301 4305 375 4356; x_wconf 92' lang='lat' dir='ltr'>non</span> <span class='ocrx_word' id='word_1_204' title='bbox 406 4303 472 4381; x_wconf 89' lang='lat' dir='ltr'>per</span> <span class='ocrx_word' id='word_1_205' title='bbox 502 4277 619 4354; x_wconf 89' lang='lat' dir='ltr'>solam</span> <span class='ocrx_word' id='word_1_206' title='bbox 646 4277 756 4352; x_wconf 89' lang='lat' dir='ltr'>fidem</span> <span class='ocrx_word' id='word_1_207' title='bbox 787 4299 904 4376; x_wconf 90' lang='lat' dir='ltr'>neque</span> <span class='ocrx_word' id='word_1_208' title='bbox 929 4298 995 4374; x_wconf 91' lang='lat' dir='ltr'>per</span> <span class='ocrx_word' id='word_1_209' title='bbox 1024 4271 1103 4348; x_wconf 89' lang='lat' dir='ltr'>sola</span> <span class='ocrx_word' id='word_1_210' title='bbox 1133 4297 1246 4371; x_wconf 88' lang='lat' dir='ltr'>opera</span> <span class='ocrx_word' id='word_1_211' title='bbox 1311 4381 1316 4394; x_wconf 22' lang='grc' dir='ltr'><em>Α</em></span> 
     </span>
     <span class='ocr_line' id='line_1_30' title="bbox 95 4405 1244 4518; baseline -0.014 -24"><span class='ocrx_word' id='word_1_212' title='bbox 95 4417 302 4501; x_wconf 75' lang='lat' dir='ltr'>oldinenda</span> <span class='ocrx_word' id='word_1_213' title='bbox 329 4416 530 4518; x_wconf 82' lang='lat' dir='ltr'>diceretur,</span> <span class='ocrx_word' id='word_1_214' title='bbox 556 4411 618 4488; x_wconf 85' lang='lat' dir='ltr'>sed</span> <span class='ocrx_word' id='word_1_215' title='bbox 642 4437 708 4512; x_wconf 87' lang='lat' dir='ltr'>per</span> <span class='ocrx_word' id='word_1_216' title='bbox 729 4417 840 4504; x_wconf 77' lang='lat' dir='ltr'>ficlcnr</span> <span class='ocrx_word' id='word_1_217' title='bbox 865 4434 950 4482; x_wconf 79' lang='lat' dir='ltr'>cunr</span> <span class='ocrx_word' id='word_1_218' title='bbox 976 4408 1159 4502; x_wconf 79' lang='lat' dir='ltr'>operibus.</span> <span class='ocrx_word' id='word_1_219' title='bbox 1188 4405 1244 4480; x_wconf 73' lang='lat' dir='ltr'>Ad</span> 
     </span>
    </p>
   </div>
   <div class='ocr_carea' id='block_1_4' title="bbox 0 0 1608 5150">
    <p class='ocr_par' dir='ltr' id='par_1_4' title="bbox 0 0 1608 5150">
     <span class='ocr_line' id='line_1_31' title="bbox 0 0 1608 5150; baseline 0 1"><span class='ocrx_word' id='word_1_220' title='bbox 0 0 1608 5150; x_wconf 95' lang='lat' dir='ltr'> </span> 
     </span>
    </p>
   </div>
  </div>
 </body>
</html>
