<?xml version="1.0" encoding="UTF-8"?>
<!DOCTYPE html PUBLIC "-//W3C//DTD XHTML 1.0 Transitional//EN"
    "http://www.w3.org/TR/xhtml1/DTD/xhtml1-transitional.dtd">
<html xmlns="http://www.w3.org/1999/xhtml" xml:lang="en" lang="en">
 <head>
  <title>
</title>
<meta http-equiv="Content-Type" content="text/html;charset=utf-8" />
  <meta name='ocr-system' content='tesseract 3.04.00' />
  <meta name='ocr-capabilities' content='ocr_page ocr_carea ocr_par ocr_line ocrx_word'/>
</head>
<body>
  <div class='ocr_page' id='page_1' title='image "./dissertationess00smedgoog_0108.png"; bbox 0 0 3170 5134; ppageno 0'>
   <div class='ocr_carea' id='block_1_1' title="bbox 263 451 1208 522">
    <p class='ocr_par' dir='ltr' id='par_1_1' title="bbox 263 451 1208 522">
     <span class='ocr_line' id='line_1_1' title="bbox 263 451 1208 522; baseline -0.002 -10"><span class='ocrx_word' id='word_1_1' title='bbox 263 467 320 512; x_wconf 81' lang='lat' dir='ltr'>mr.</span> <span class='ocrx_word' id='word_1_2' title='bbox 345 467 363 512; x_wconf 89' lang='grc' dir='ltr'>ι.</span> <span class='ocrx_word' id='word_1_3' title='bbox 387 467 443 522; x_wconf 88' lang='lat' dir='ltr'>ouo</span> <span class='ocrx_word' id='word_1_4' title='bbox 463 465 594 514; x_wconf 81' lang='lat' dir='ltr'>neumas</span> <span class='ocrx_word' id='word_1_5' title='bbox 614 464 725 512; x_wconf 77' lang='lat' dir='ltr'>rursus.</span> <span class='ocrx_word' id='word_1_6' title='bbox 748 465 1010 514; x_wconf 73' lang='lat' dir='ltr'>conmmeatum.</span> <span class='ocrx_word' id='word_1_7' title='bbox 1170 451 1208 510; x_wconf 80' lang='grc'>95</span> 
     </span>
    </p>
   </div>
   <div class='ocr_carea' id='block_1_2' title="bbox 75 585 1208 736">
    <p class='ocr_par' dir='ltr' id='par_1_2' title="bbox 75 585 1208 736">
     <span class='ocr_line' id='line_1_2' title="bbox 75 585 1208 736; baseline 0.002 -28"><span class='ocrx_word' id='word_1_8' title='bbox 75 631 183 709; x_wconf 90' lang='lat' dir='ltr'>libros</span> <span class='ocrx_word' id='word_1_9' title='bbox 201 632 259 708; x_wconf 95' lang='lat' dir='ltr'>illi</span> <span class='ocrx_word' id='word_1_10' title='bbox 276 657 354 734; x_wconf 89' lang='lat' dir='ltr'>pree</span> <span class='ocrx_word' id='word_1_11' title='bbox 370 633 543 710; x_wconf 88' lang='lat' dir='ltr'>menibus</span> <span class='ocrx_word' id='word_1_12' title='bbox 559 657 634 711; x_wconf 94' lang='lat' dir='ltr'>non</span> <span class='ocrx_word' id='word_1_13' title='bbox 651 632 767 710; x_wconf 84' lang='lat' dir='ltr'>fuisse</span> <span class='ocrx_word' id='word_1_14' title='bbox 779 633 950 711; x_wconf 93' lang='lat' dir='ltr'>concludi</span> <span class='ocrx_word' id='word_1_15' title='bbox 968 635 1091 736; x_wconf 90' lang='lat' dir='ltr'>potest</span> <span class='ocrx_word' id='word_1_16' title='bbox 1103 657 1148 709; x_wconf 87' lang='lat' dir='ltr'>ex</span> <span class='ocrx_word' id='word_1_17' title='bbox 1165 585 1208 710; x_wconf 90' lang='lat' dir='ltr'>eo</span> 
     </span>
    </p>
   </div>
   <div class='ocr_carea' id='block_1_3' title="bbox 74 769 1208 1818">
    <p class='ocr_par' dir='ltr' id='par_1_3' title="bbox 74 769 1208 1414">
     <span class='ocr_line' id='line_1_3' title="bbox 75 769 1208 875; baseline 0.002 -29"><span class='ocrx_word' id='word_1_18' title='bbox 75 770 165 872; x_wconf 91' lang='lat' dir='ltr'>quod</span> <span class='ocrx_word' id='word_1_19' title='bbox 184 769 280 846; x_wconf 84' lang='lat' dir='ltr'><strong>nihil</strong></span> <span class='ocrx_word' id='word_1_20' title='bbox 305 795 351 848; x_wconf 83' lang='lat' dir='ltr'>ex</span> <span class='ocrx_word' id='word_1_21' title='bbox 375 772 422 848; x_wconf 91' lang='lat' dir='ltr'>iis</span> <span class='ocrx_word' id='word_1_22' title='bbox 443 776 565 850; x_wconf 89' lang='lat' dir='ltr'>ttrans</span> <span class='ocrx_word' id='word_1_23' title='bbox 548 770 663 849; x_wconf 90' lang='lat' dir='ltr'>tulit&#39;</span> <span class='ocrx_word' id='word_1_24' title='bbox 620 776 693 849; x_wconf 91' lang='lat' dir='ltr'>tm</span> <span class='ocrx_word' id='word_1_25' title='bbox 714 797 825 849; x_wconf 90' lang='lat' dir='ltr'>suum</span> <span class='ocrx_word' id='word_1_26' title='bbox 842 797 936 875; x_wconf 90' lang='lat' dir='ltr'>opus</span> <span class='ocrx_word' id='word_1_27' title='bbox 953 775 1052 872; x_wconf 83' lang='lat' dir='ltr'>(1et)</span> <span class='ocrx_word' id='word_1_28' title='bbox 1014 771 1208 850; x_wconf 88' lang='lat' dir='ltr'>etmodus</span> 
     </span>
     <span class='ocr_line' id='line_1_4' title="bbox 75 904 1208 1009; baseline 0.001 -29"><span class='ocrx_word' id='word_1_29' title='bbox 75 929 141 1004; x_wconf 91' lang='lat' dir='ltr'>quo</span> <span class='ocrx_word' id='word_1_30' title='bbox 172 904 295 1006; x_wconf 93' lang='lat' dir='ltr'>loquit</span> <span class='ocrx_word' id='word_1_31' title='bbox 297 930 342 982; x_wconf 92' lang='lat' dir='ltr'>ur</span> <span class='ocrx_word' id='word_1_32' title='bbox 372 907 417 982; x_wconf 90' lang='lat' dir='ltr'>de</span> <span class='ocrx_word' id='word_1_33' title='bbox 451 905 609 985; x_wconf 74' lang='lat' dir='ltr'>Callisto</span> <span class='ocrx_word' id='word_1_34' title='bbox 570 905 794 1009; x_wconf 89' lang='lat' dir='ltr'>tplanum</span> <span class='ocrx_word' id='word_1_35' title='bbox 827 907 930 997; x_wconf 85' lang='lat' dir='ltr'>facit,</span> <span class='ocrx_word' id='word_1_36' title='bbox 901 906 1208 1009; x_wconf 84' lang='lat' dir='ltr'>tprolixiorem</span> 
     </span>
     <span class='ocr_line' id='line_1_5' title="bbox 75 1039 1207 1143; baseline 0.004 -29"><span class='ocrx_word' id='word_1_37' title='bbox 75 1040 232 1117; x_wconf 88' lang='lat' dir='ltr'>auctoris</span> <span class='ocrx_word' id='word_1_38' title='bbox 249 1043 641 1138; x_wconf 77' lang='lat' dir='ltr'>Philosopboumcnon</span> <span class='ocrx_word' id='word_1_39' title='bbox 658 1041 979 1130; x_wconf 76' lang='lat' dir='ltr'>declamationem,</span> <span class='ocrx_word' id='word_1_40' title='bbox 999 1065 1083 1143; x_wconf 89' lang='lat' dir='ltr'>quee</span> <span class='ocrx_word' id='word_1_41' title='bbox 1096 1039 1207 1118; x_wconf 87' lang='lat' dir='ltr'>habe·</span> 
     </span>
     <span class='ocr_line' id='line_1_6' title="bbox 74 1172 1208 1266; baseline 0.003 -18"><span class='ocrx_word' id='word_1_42' title='bbox 74 1179 130 1248; x_wconf 90' lang='lat' dir='ltr'>tur</span> <span class='ocrx_word' id='word_1_43' title='bbox 153 1172 251 1251; x_wconf 92' lang='lat' dir='ltr'>libro</span> <span class='ocrx_word' id='word_1_44' title='bbox 275 1200 385 1266; x_wconf 89' lang='lat' dir='ltr'>nono,</span> <span class='ocrx_word' id='word_1_45' title='bbox 413 1177 460 1254; x_wconf 89' lang='lat' dir='ltr'>ab</span> <span class='ocrx_word' id='word_1_46' title='bbox 485 1177 549 1254; x_wconf 93' lang='lat' dir='ltr'>illo</span> <span class='ocrx_word' id='word_1_47' title='bbox 573 1177 708 1256; x_wconf 89' lang='lat' dir='ltr'>lectam</span> <span class='ocrx_word' id='word_1_48' title='bbox 734 1203 809 1256; x_wconf 94' lang='lat' dir='ltr'>non</span> <span class='ocrx_word' id='word_1_49' title='bbox 836 1177 962 1255; x_wconf 88' lang='lat' dir='ltr'>fuisse.</span> <span class='ocrx_word' id='word_1_50' title='bbox 988 1175 1138 1255; x_wconf 88' lang='lat' dir='ltr'>Etenim</span> <span class='ocrx_word' id='word_1_51' title='bbox 1162 1175 1208 1251; x_wconf 90' lang='lat' dir='ltr'>de</span> 
     </span>
     <span class='ocr_line' id='line_1_7' title="bbox 75 1305 1206 1414; baseline 0.002 -32"><span class='ocrx_word' id='word_1_52' title='bbox 75 1305 225 1384; x_wconf 80' lang='lat' dir='ltr'>Callisto</span> <span class='ocrx_word' id='word_1_53' title='bbox 238 1308 497 1387; x_wconf 86' lang='lat' dir='ltr'>solummodo:</span> <span class='ocrx_word' id='word_1_54' title='bbox 523 1347 538 1375; x_wconf 64' lang='lat' dir='ltr'><em>u</em></span> <span class='ocrx_word' id='word_1_55' title='bbox 560 1312 655 1389; x_wconf 84' lang='lat' dir='ltr'>Eam</span> <span class='ocrx_word' id='word_1_56' title='bbox 682 1312 884 1413; x_wconf 75' lang='lat' dir='ltr'>[haeresim]</span> <span class='ocrx_word' id='word_1_57' title='bbox 909 1312 985 1411; x_wconf 90' lang='lat' dir='ltr'>(ait)</span> <span class='ocrx_word' id='word_1_58' title='bbox 1003 1315 1086 1414; x_wconf 92' lang='lat' dir='ltr'>post</span> <span class='ocrx_word' id='word_1_59' title='bbox 1110 1310 1206 1388; x_wconf 89' lang='lat' dir='ltr'>Noe·</span> 
     </span>
    </p>

    <p class='ocr_par' dir='ltr' id='par_1_4' title="bbox 78 1446 1206 1551">
     <span class='ocr_line' id='line_1_8' title="bbox 78 1446 1206 1551; baseline 0.003 -32.128"><span class='ocrx_word' id='word_1_60' title='bbox 78 1449 187 1520; x_wconf 59' lang='lat' dir='ltr'>uum</span> <span class='ocrx_word' id='word_1_61' title='bbox 221 1447 474 1548; x_wconf 77' lang='lat' dir='ltr'>propugnavit</span> <span class='ocrx_word' id='word_1_62' title='bbox 459 1447 644 1526; x_wconf 82' lang='lat' dir='ltr'>tCallist</span> <span class='ocrx_word' id='word_1_63' title='bbox 627 1453 706 1536; x_wconf 86' lang='lat' dir='ltr'>tus</span> <span class='ocrx_word' id='word_1_64' title='bbox 742 1449 807 1551; x_wconf 91' lang='lat' dir='ltr'>qui</span> <span class='ocrx_word' id='word_1_65' title='bbox 841 1449 990 1550; x_wconf 87' lang='lat' dir='ltr'>etipse</span> <span class='ocrx_word' id='word_1_66' title='bbox 1024 1446 1206 1550; x_wconf 86' lang='lat' dir='ltr'>impietati</span> 
     </span>
    </p>

    <p class='ocr_par' dir='ltr' id='par_1_5' title="bbox 74 1576 1206 1818">
     <span class='ocr_line' id='line_1_9' title="bbox 77 1576 1206 1686; baseline 0.002 -33.056"><span class='ocrx_word' id='word_1_67' title='bbox 77 1576 292 1679; x_wconf 87' lang='lat' dir='ltr'>dogmatis</span> <span class='ocrx_word' id='word_1_68' title='bbox 321 1581 575 1660; x_wconf 87' lang='lat' dir='ltr'>additamenta</span> <span class='ocrx_word' id='word_1_69' title='bbox 608 1583 780 1686; x_wconf 86' lang='lat' dir='ltr'>quaedam</span> <span class='ocrx_word' id='word_1_70' title='bbox 810 1582 946 1684; x_wconf 76' lang='lat' dir='ltr'>ath</span> <span class='ocrx_word' id='word_1_71' title='bbox 874 1582 992 1658; x_wconf 82' lang='lat' dir='ltr'>ccii</span> <span class='ocrx_word' id='word_1_72' title='bbox 1027 1585 1077 1679; x_wconf 77' lang='lat' dir='ltr'>(a.)</span> <span class='ocrx_word' id='word_1_73' title='bbox 1112 1579 1206 1667; x_wconf 81' lang='lat' dir='ltr'>Quae</span> 
     </span>
     <span class='ocr_line' id='line_1_10' title="bbox 74 1713 1205 1818; baseline 0.001 -32"><span class='ocrx_word' id='word_1_74' title='bbox 74 1714 265 1792; x_wconf 90' lang='lat' dir='ltr'>mentionis</span> <span class='ocrx_word' id='word_1_75' title='bbox 293 1718 389 1794; x_wconf 90' lang='lat' dir='ltr'>ratio</span> <span class='ocrx_word' id='word_1_76' title='bbox 415 1721 473 1794; x_wconf 88' lang='lat' dir='ltr'>ost</span> <span class='ocrx_word' id='word_1_77' title='bbox 457 1718 588 1806; x_wconf 88' lang='lat' dir='ltr'>tendit,</span> <span class='ocrx_word' id='word_1_78' title='bbox 613 1717 749 1796; x_wconf 82' lang='lat' dir='ltr'>Gallist</span> <span class='ocrx_word' id='word_1_79' title='bbox 732 1721 814 1794; x_wconf 90' lang='lat' dir='ltr'>tum</span> <span class='ocrx_word' id='word_1_80' title='bbox 841 1721 1033 1818; x_wconf 88' lang='lat' dir='ltr'>tamquam</span> <span class='ocrx_word' id='word_1_81' title='bbox 1058 1713 1205 1790; x_wconf 79' lang='lat' dir='ltr'>obscuri</span> 
     </span>
    </p>
   </div>
   <div class='ocr_carea' id='block_1_4' title="bbox 14 1853 1205 2368">
    <p class='ocr_par' dir='ltr' id='par_1_6' title="bbox 14 1853 1204 1959">
     <span class='ocr_line' id='line_1_11' title="bbox 14 1853 1204 1959; baseline 0.003 -33"><span class='ocrx_word' id='word_1_82' title='bbox 14 1901 15 1904; x_wconf 56' lang='lat'><em>=</em></span> <span class='ocrx_word' id='word_1_83' title='bbox 75 1853 227 1930; x_wconf 88' lang='lat' dir='ltr'>nominis</span> <span class='ocrx_word' id='word_1_84' title='bbox 259 1855 478 1933; x_wconf 85' lang='lat' dir='ltr'>haereticum</span> <span class='ocrx_word' id='word_1_85' title='bbox 512 1861 719 1959; x_wconf 85' lang='lat' dir='ltr'>spectatum</span> <span class='ocrx_word' id='word_1_86' title='bbox 753 1857 868 1934; x_wconf 87' lang='lat' dir='ltr'>fuisse</span> <span class='ocrx_word' id='word_1_87' title='bbox 901 1881 925 1934; x_wconf 93' lang='lat' dir='ltr'>a</span> <span class='ocrx_word' id='word_1_88' title='bbox 959 1854 1204 1941; x_wconf 84' lang='lat' dir='ltr'>Theodoreto,</span> 
     </span>
    </p>

    <p class='ocr_par' dir='ltr' id='par_1_7' title="bbox 14 1983 1205 2368">
     <span class='ocr_line' id='line_1_12' title="bbox 74 1983 1205 2092; baseline -0.001 -29"><span class='ocrx_word' id='word_1_89' title='bbox 74 1990 276 2085; x_wconf 75' lang='lat' dir='ltr'>prasertim</span> <span class='ocrx_word' id='word_1_90' title='bbox 293 2016 379 2067; x_wconf 93' lang='lat' dir='ltr'>cum</span> <span class='ocrx_word' id='word_1_91' title='bbox 397 1990 523 2068; x_wconf 90' lang='lat' dir='ltr'>nullus</span> <span class='ocrx_word' id='word_1_92' title='bbox 540 1991 636 2069; x_wconf 88' lang='lat' dir='ltr'>alter</span> <span class='ocrx_word' id='word_1_93' title='bbox 653 1991 928 2092; x_wconf 85' lang='lat' dir='ltr'>haereseologus</span> <span class='ocrx_word' id='word_1_94' title='bbox 945 1991 1097 2090; x_wconf 88' lang='lat' dir='ltr'>excepto</span> <span class='ocrx_word' id='word_1_95' title='bbox 1115 1983 1205 2064; x_wconf 85' lang='lat' dir='ltr'>scri-</span> 
     </span>
     <span class='ocr_line' id='line_1_13' title="bbox 14 2122 1205 2224; baseline 0 -25"><span class='ocrx_word' id='word_1_96' title='bbox 14 2169 15 2178; x_wconf 32' lang='grc' dir='ltr'>ι</span> <span class='ocrx_word' id='word_1_97' title='bbox 73 2129 169 2221; x_wconf 90' lang='lat' dir='ltr'>ptore</span> <span class='ocrx_word' id='word_1_98' title='bbox 203 2129 612 2224; x_wconf 77' lang='lat' dir='ltr'>Ptr&#39;ioscpboumeuon,</span> <span class='ocrx_word' id='word_1_99' title='bbox 646 2127 845 2212; x_wconf 82' lang='lat' dir='ltr'>Callistum</span> <span class='ocrx_word' id='word_1_100' title='bbox 879 2127 977 2204; x_wconf 86' lang='lat' dir='ltr'>inter</span> <span class='ocrx_word' id='word_1_101' title='bbox 1010 2122 1205 2200; x_wconf 84' lang='lat' dir='ltr'>haereticos</span> 
     </span>
     <span class='ocr_line' id='line_1_14' title="bbox 14 2199 1204 2368; baseline -0.002 -29"><span class='ocrx_word' id='word_1_102' title='bbox 14 2199 16 2356; x_wconf 80' lang='lat' dir='ltr'>l</span> <span class='ocrx_word' id='word_1_103' title='bbox 74 2265 340 2341; x_wconf 84' lang='lat' dir='ltr'>recensuerit</span> <span class='ocrx_word' id='word_1_104' title='bbox 313 2268 363 2363; x_wconf 81' lang='lat' dir='ltr'>(e.)</span> <span class='ocrx_word' id='word_1_105' title='bbox 394 2265 479 2341; x_wconf 93' lang='lat' dir='ltr'>Non</span> <span class='ocrx_word' id='word_1_106' title='bbox 500 2263 746 2368; x_wconf 84' lang='lat' dir='ltr'>legititaque</span> <span class='ocrx_word' id='word_1_107' title='bbox 776 2264 1031 2342; x_wconf 69' lang='lat' dir='ltr'>theodoretus</span> <span class='ocrx_word' id='word_1_108' title='bbox 1064 2286 1204 2338; x_wconf 93' lang='lat' dir='ltr'>nonum</span> 
     </span>
    </p>
   </div>
   <div class='ocr_carea' id='block_1_5' title="bbox 14 2593 1232 4557">
    <p class='ocr_par' dir='ltr' id='par_1_8' title="bbox 14 2593 1232 4557">
     <span class='ocr_line' id='line_1_15' title="bbox 14 2593 1203 2666; baseline -0.008 -14"><span class='ocrx_word' id='word_1_109' title='bbox 14 2611 17 2652; x_wconf 71' lang='grc'>’.</span> <span class='ocrx_word' id='word_1_110' title='bbox 99 2597 124 2660; x_wconf 78' lang='grc'>(1)</span> <span class='ocrx_word' id='word_1_111' title='bbox 135 2596 199 2657; x_wconf 82' lang='lat' dir='ltr'>Quae</span> <span class='ocrx_word' id='word_1_112' title='bbox 215 2601 291 2653; x_wconf 87' lang='lat' dir='ltr'>enim</span> <span class='ocrx_word' id='word_1_113' title='bbox 303 2602 403 2656; x_wconf 81' lang='lat' dir='ltr'>Gauron</span> <span class='ocrx_word' id='word_1_114' title='bbox 421 2605 455 2655; x_wconf 87' lang='lat' dir='ltr'>de</span> <span class='ocrx_word' id='word_1_115' title='bbox 471 2601 612 2656; x_wconf 82' lang='lat' dir='ltr'>saturatio</span> <span class='ocrx_word' id='word_1_116' title='bbox 646 2600 773 2666; x_wconf 87' lang='lat' dir='ltr'>pluribus</span> <span class='ocrx_word' id='word_1_117' title='bbox 791 2613 842 2665; x_wconf 86' lang='lat' dir='ltr'>pro</span> <span class='ocrx_word' id='word_1_118' title='bbox 862 2600 914 2650; x_wconf 88' lang='lat' dir='ltr'>hoc</span> <span class='ocrx_word' id='word_1_119' title='bbox 930 2597 1040 2650; x_wconf 88' lang='lat' dir='ltr'>nomine</span> <span class='ocrx_word' id='word_1_120' title='bbox 1057 2593 1113 2662; x_wconf 83' lang='lat' dir='ltr'>legi</span> <span class='ocrx_word' id='word_1_121' title='bbox 1132 2593 1203 2645; x_wconf 84' lang='lat' dir='ltr'>Cete-</span> 
     </span>
     <span class='ocr_line' id='line_1_16' title="bbox 72 2679 1201 2757; baseline -0.002 -20"><span class='ocrx_word' id='word_1_122' title='bbox 72 2679 189 2740; x_wconf 74' lang='lat' dir='ltr'>taurino</span> <span class='ocrx_word' id='word_1_123' title='bbox 207 2704 225 2740; x_wconf 86' lang='lat' dir='ltr'>a</span> <span class='ocrx_word' id='word_1_124' title='bbox 242 2690 416 2745; x_wconf 72' lang='lat' dir='ltr'>&#39;theodoreto</span> <span class='ocrx_word' id='word_1_125' title='bbox 431 2691 478 2757; x_wconf 84' lang='lat' dir='ltr'>(H.</span> <span class='ocrx_word' id='word_1_126' title='bbox 495 2691 529 2743; x_wconf 82' lang='lat' dir='ltr'>F.</span> <span class='ocrx_word' id='word_1_127' title='bbox 547 2691 568 2742; x_wconf 91' lang='lat'>1.</span> <span class='ocrx_word' id='word_1_128' title='bbox 587 2692 610 2742; x_wconf 82' lang='lat'>3.</span> <span class='ocrx_word' id='word_1_129' title='bbox 645 2697 714 2752; x_wconf 77' lang='lat' dir='ltr'>stete,</span> <span class='ocrx_word' id='word_1_130' title='bbox 735 2689 876 2750; x_wconf 71' lang='lat' dir='ltr'>Caelestes,</span> <span class='ocrx_word' id='word_1_131' title='bbox 896 2687 1032 2750; x_wconf 77' lang='lat' dir='ltr'>Celerius,</span> <span class='ocrx_word' id='word_1_132' title='bbox 1050 2685 1201 2746; x_wconf 83' lang='lat' dir='ltr'>additque:</span> 
     </span>
     <span class='ocr_line' id='line_1_17' title="bbox 72 2769 1204 2848; baseline -0.004 -20"><span class='ocrx_word' id='word_1_133' title='bbox 72 2769 97 2820; x_wconf 98' lang='grc' dir='ltr'>ΡΙ</span> <span class='ocrx_word' id='word_1_134' title='bbox 109 2773 137 2825; x_wconf 82' lang='lat' dir='ltr'>G.</span> <span class='ocrx_word' id='word_1_135' title='bbox 147 2779 166 2828; x_wconf 91' lang='lat' dir='ltr'>t.</span> <span class='ocrx_word' id='word_1_136' title='bbox 179 2777 336 2833; x_wconf 82' lang='lat' dir='ltr'>LXXXIII.</span> <span class='ocrx_word' id='word_1_137' title='bbox 350 2797 377 2848; x_wconf 90' lang='lat' dir='ltr'>p.</span> <span class='ocrx_word' id='word_1_138' title='bbox 390 2784 448 2843; x_wconf 74' lang='lat' dir='ltr'>ain</span> <span class='ocrx_word' id='word_1_139' title='bbox 464 2781 565 2847; x_wconf 88' lang='lat' dir='ltr'>partim</span> <span class='ocrx_word' id='word_1_140' title='bbox 580 2795 612 2831; x_wconf 84' lang='lat' dir='ltr'>ex</span> <span class='ocrx_word' id='word_1_141' title='bbox 647 2801 659 2823; x_wconf 73' lang='lat' dir='ltr'>e</span> <span class='ocrx_word' id='word_1_142' title='bbox 670 2779 703 2830; x_wconf 92' lang='lat' dir='ltr'>In</span> <span class='ocrx_word' id='word_1_143' title='bbox 712 2781 826 2842; x_wconf 86' lang='lat' dir='ltr'>antiquo</span> <span class='ocrx_word' id='word_1_144' title='bbox 839 2779 950 2843; x_wconf 89' lang='lat' dir='ltr'>quidem</span> <span class='ocrx_word' id='word_1_145' title='bbox 959 2774 1204 2829; x_wconf 80' lang='lat' dir='ltr'>Pseudo-silvestri</span> 
     </span>
     <span class='ocr_line' id='line_1_18' title="bbox 72 2857 1202 2934; baseline -0.003 -17"><span class='ocrx_word' id='word_1_146' title='bbox 72 2857 251 2931; x_wconf 67' lang='lat' dir='ltr'>Iunaemev.</span> <span class='ocrx_word' id='word_1_147' title='bbox 265 2868 343 2922; x_wconf 82' lang='lat' dir='ltr'>Hoer.</span> <span class='ocrx_word' id='word_1_148' title='bbox 355 2871 376 2924; x_wconf 96' lang='lat' dir='ltr'>I.</span> <span class='ocrx_word' id='word_1_149' title='bbox 389 2874 429 2922; x_wconf 77' lang='lat'>24.</span> <span class='ocrx_word' id='word_1_150' title='bbox 441 2871 511 2922; x_wconf 75' lang='lat' dir='ltr'>Ro.</span> <span class='ocrx_word' id='word_1_151' title='bbox 520 2874 540 2922; x_wconf 88' lang='lat' dir='ltr'>I.</span> <span class='ocrx_word' id='word_1_152' title='bbox 550 2869 611 2923; x_wconf 90' lang='lat' dir='ltr'>VII.</span> <span class='ocrx_word' id='word_1_153' title='bbox 645 2869 831 2921; x_wconf 82' lang='lat' dir='ltr'>Constituto...</span> <span class='ocrx_word' id='word_1_154' title='bbox 858 2867 988 2934; x_wconf 81' lang='lat' dir='ltr'>legitur:</span> <span class='ocrx_word' id='word_1_155' title='bbox 1016 2864 1202 2929; x_wconf 75' lang='lat' dir='ltr'>Celisttts.[se]</span> 
     </span>
     <span class='ocr_line' id='line_1_19' title="bbox 71 2953 1203 3024; baseline -0.007 -13"><span class='ocrx_word' id='word_1_156' title='bbox 71 2961 93 3011; x_wconf 82' lang='lat' dir='ltr'>I·</span> <span class='ocrx_word' id='word_1_157' title='bbox 106 2953 169 3018; x_wconf 77' lang='grc'>673),</span> <span class='ocrx_word' id='word_1_158' title='bbox 185 2959 289 3022; x_wconf 79' lang='lat' dir='ltr'>partim</span> <span class='ocrx_word' id='word_1_159' title='bbox 307 2975 340 3011; x_wconf 87' lang='lat' dir='ltr'>ex</span> <span class='ocrx_word' id='word_1_160' title='bbox 355 2960 462 3012; x_wconf 81' lang='lat' dir='ltr'>Pbe&#39;los.</span> <span class='ocrx_word' id='word_1_161' title='bbox 479 2959 549 3024; x_wconf 87' lang='lat' dir='ltr'>(VII.</span> <span class='ocrx_word' id='word_1_162' title='bbox 566 2961 607 3012; x_wconf 78' lang='lat'>28.</span> <span class='ocrx_word' id='word_1_163' title='bbox 642 2963 682 3010; x_wconf 86' lang='lat' dir='ltr'>ita</span> <span class='ocrx_word' id='word_1_164' title='bbox 702 2962 792 3010; x_wconf 85' lang='lat' dir='ltr'>docuit</span> <span class='ocrx_word' id='word_1_165' title='bbox 812 2957 1010 3019; x_wconf 62' lang='lat' dir='ltr'>«tabellionum,</span> <span class='ocrx_word' id='word_1_166' title='bbox 1034 2961 1064 3006; x_wconf 83' lang='lat' dir='ltr'>ui</span> <span class='ocrx_word' id='word_1_167' title='bbox 1090 2957 1203 3005; x_wconf 82' lang='lat' dir='ltr'>arbitrio</span> 
     </span>
     <span class='ocr_line' id='line_1_20' title="bbox 72 3037 1202 3117; baseline -0.001 -22.049"><span class='ocrx_word' id='word_1_168' title='bbox 72 3037 97 3088; x_wconf 87' lang='grc' dir='ltr'>Ρ</span> <span class='ocrx_word' id='word_1_169' title='bbox 109 3041 166 3096; x_wconf 78' lang='lat' dir='ltr'>aa</span> <span class='ocrx_word' id='word_1_170' title='bbox 179 3047 253 3100; x_wconf 91' lang='lat' dir='ltr'>XVI.</span> <span class='ocrx_word' id='word_1_171' title='bbox 264 3063 291 3115; x_wconf 85' lang='lat' dir='ltr'>p.</span> <span class='ocrx_word' id='word_1_172' title='bbox 301 3052 374 3116; x_wconf 80' lang='lat'><strong>3321)</strong></span> <span class='ocrx_word' id='word_1_173' title='bbox 386 3055 485 3104; x_wconf 83' lang='lat' dir='ltr'>hausta</span> <span class='ocrx_word' id='word_1_174' title='bbox 496 3065 556 3102; x_wconf 83' lang='lat' dir='ltr'>esse</span> <span class='ocrx_word' id='word_1_175' title='bbox 565 3065 611 3117; x_wconf 89' lang='lat' dir='ltr'>pu</span> <span class='ocrx_word' id='word_1_176' title='bbox 645 3065 694 3102; x_wconf 87' lang='lat' dir='ltr'>suo</span> <span class='ocrx_word' id='word_1_177' title='bbox 709 3057 802 3102; x_wconf 85' lang='lat' dir='ltr'>sumat</span> <span class='ocrx_word' id='word_1_178' title='bbox 820 3065 905 3100; x_wconf 84' lang='lat' dir='ltr'>unum</span> <span class='ocrx_word' id='word_1_179' title='bbox 918 3061 1066 3112; x_wconf 81' lang='lat' dir='ltr'>personam</span> <span class='ocrx_word' id='word_1_180' title='bbox 1083 3059 1139 3096; x_wconf 84' lang='lat' dir='ltr'>esse</span> <span class='ocrx_word' id='word_1_181' title='bbox 1154 3047 1202 3094; x_wconf 83' lang='lat' dir='ltr'>tri-</span> 
     </span>
     <span class='ocr_line' id='line_1_21' title="bbox 15 3131 1204 3208; baseline -0.001 -21"><span class='ocrx_word' id='word_1_182' title='bbox 15 3145 16 3156; x_wconf 59' lang='lat'><em>*</em></span> <span class='ocrx_word' id='word_1_183' title='bbox 71 3131 230 3202; x_wconf 73' lang='lat' dir='ltr'>uticense,</span> <span class='ocrx_word' id='word_1_184' title='bbox 243 3137 358 3203; x_wconf 71' lang='lat' dir='ltr'>Bredas,</span> <span class='ocrx_word' id='word_1_185' title='bbox 371 3147 423 3194; x_wconf 83' lang='lat' dir='ltr'>etc.</span> <span class='ocrx_word' id='word_1_186' title='bbox 440 3157 467 3208; x_wconf 89' lang='lat' dir='ltr'>p.</span> <span class='ocrx_word' id='word_1_187' title='bbox 483 3143 609 3204; x_wconf 80' lang='lat' dir='ltr'>107)ms·</span> <span class='ocrx_word' id='word_1_188' title='bbox 643 3145 747 3192; x_wconf 77' lang='lat' dir='ltr'>nitatis.</span> <span class='ocrx_word' id='word_1_189' title='bbox 767 3141 820 3193; x_wconf 85' lang='lat' dir='ltr'>Sed</span> <span class='ocrx_word' id='word_1_190' title='bbox 837 3142 988 3206; x_wconf 79' lang='lat' dir='ltr'>subjectum</span> <span class='ocrx_word' id='word_1_191' title='bbox 1005 3140 1045 3200; x_wconf 85' lang='lat' dir='ltr'>(iu</span> <span class='ocrx_word' id='word_1_192' title='bbox 1066 3136 1204 3188; x_wconf 87' lang='lat' dir='ltr'>Decretsii</span> 
     </span>
     <span class='ocr_line' id='line_1_22' title="bbox 15 3175 1203 3306; baseline 0.007 -38"><span class='ocrx_word' id='word_1_193' title='bbox 15 3175 17 3306; x_wconf 83' lang='grc'>)</span> <span class='ocrx_word' id='word_1_194' title='bbox 71 3219 156 3276; x_wconf 85' lang='lat' dir='ltr'>nileste</span> <span class='ocrx_word' id='word_1_195' title='bbox 177 3239 212 3280; x_wconf 84' lang='lat' dir='ltr'>ex</span> <span class='ocrx_word' id='word_1_196' title='bbox 233 3230 295 3282; x_wconf 84' lang='lat' dir='ltr'>solo</span> <span class='ocrx_word' id='word_1_197' title='bbox 318 3232 416 3284; x_wconf 79' lang='lat' dir='ltr'>irenaei</span> <span class='ocrx_word' id='word_1_198' title='bbox 438 3247 520 3298; x_wconf 86' lang='lat' dir='ltr'>opere</span> <span class='ocrx_word' id='word_1_199' title='bbox 543 3232 605 3298; x_wconf 79' lang='lat' dir='ltr'>(loc.</span> <span class='ocrx_word' id='word_1_200' title='bbox 641 3231 752 3298; x_wconf 87' lang='lat' dir='ltr'>Gelaen)</span> <span class='ocrx_word' id='word_1_201' title='bbox 764 3231 864 3283; x_wconf 81' lang='lat' dir='ltr'>Donati</span> <span class='ocrx_word' id='word_1_202' title='bbox 874 3243 973 3282; x_wconf 89' lang='lat' dir='ltr'>nomeu</span> <span class='ocrx_word' id='word_1_203' title='bbox 986 3228 1102 3282; x_wconf 81' lang='lat' dir='ltr'>eamme</span> <span class='ocrx_word' id='word_1_204' title='bbox 1111 3225 1203 3292; x_wconf 85' lang='lat' dir='ltr'>potrus</span> 
     </span>
     <span class='ocr_line' id='line_1_23' title="bbox 69 3308 1203 3387; baseline 0.006 -29"><span class='ocrx_word' id='word_1_205' title='bbox 69 3308 356 3384; x_wconf 70' lang='lat' dir='ltr'>titidesumptasuut.</span> <span class='ocrx_word' id='word_1_206' title='bbox 644 3321 783 3387; x_wconf 80' lang='lat' dir='ltr'>designari</span> <span class='ocrx_word' id='word_1_207' title='bbox 807 3320 955 3386; x_wconf 77' lang='lat' dir='ltr'>persuadet</span> <span class='ocrx_word' id='word_1_208' title='bbox 982 3318 1029 3382; x_wconf 84' lang='lat' dir='ltr'>qui</span> <span class='ocrx_word' id='word_1_209' title='bbox 1059 3329 1113 3368; x_wconf 85' lang='lat' dir='ltr'>una</span> <span class='ocrx_word' id='word_1_210' title='bbox 1140 3329 1203 3366; x_wconf 84' lang='lat' dir='ltr'>curn</span> 
     </span>
     <span class='ocr_line' id='line_1_24' title="bbox 96 3401 1202 3475; baseline -0.004 -16"><span class='ocrx_word' id='word_1_211' title='bbox 96 3401 122 3464; x_wconf 77' lang='lat' dir='ltr'>(s)</span> <span class='ocrx_word' id='word_1_212' title='bbox 142 3402 219 3459; x_wconf 80' lang='lat' dir='ltr'>Hoer.</span> <span class='ocrx_word' id='word_1_213' title='bbox 250 3407 318 3460; x_wconf 82' lang='lat' dir='ltr'>Feb.</span> <span class='ocrx_word' id='word_1_214' title='bbox 347 3410 398 3463; x_wconf 93' lang='lat' dir='ltr'>III.</span> <span class='ocrx_word' id='word_1_215' title='bbox 421 3413 437 3463; x_wconf 89' lang='grc'>3</span> <span class='ocrx_word' id='word_1_216' title='bbox 464 3411 506 3475; x_wconf 89' lang='lat' dir='ltr'>(P.</span> <span class='ocrx_word' id='word_1_217' title='bbox 531 3411 598 3464; x_wconf 81' lang='lat' dir='ltr'>ot</span> <span class='ocrx_word' id='word_1_218' title='bbox 587 3413 606 3464; x_wconf 89' lang='lat' dir='ltr'>t.</span> <span class='ocrx_word' id='word_1_219' title='bbox 642 3411 728 3464; x_wconf 91' lang='lat' dir='ltr'>Bctro</span> <span class='ocrx_word' id='word_1_220' title='bbox 754 3411 964 3462; x_wconf 79' lang='lat' dir='ltr'>Donatistarum</span> <span class='ocrx_word' id='word_1_221' title='bbox 984 3407 1126 3460; x_wconf 79' lang='lat' dir='ltr'>schismati</span> <span class='ocrx_word' id='word_1_222' title='bbox 1147 3406 1202 3457; x_wconf 91' lang='lat' dir='ltr'>ori-</span> 
     </span>
     <span class='ocr_line' id='line_1_25' title="bbox 70 3483 1203 3568; baseline 0.001 -23"><span class='ocrx_word' id='word_1_223' title='bbox 70 3483 211 3548; x_wconf 76' lang='lat' dir='ltr'>LXXXIII.</span> <span class='ocrx_word' id='word_1_224' title='bbox 225 3513 254 3562; x_wconf 90' lang='lat' dir='ltr'>p.</span> <span class='ocrx_word' id='word_1_225' title='bbox 264 3499 440 3564; x_wconf 64' lang='lat' dir='ltr'>ilbi-Gir.</span> <span class='ocrx_word' id='word_1_226' title='bbox 454 3499 559 3554; x_wconf 79' lang='lat' dir='ltr'>Pbilos.</span> <span class='ocrx_word' id='word_1_227' title='bbox 573 3502 607 3554; x_wconf 92' lang='lat' dir='ltr'>X.</span> <span class='ocrx_word' id='word_1_228' title='bbox 643 3503 736 3568; x_wconf 53' lang='lat' dir='ltr'>&amp;nem</span> <span class='ocrx_word' id='word_1_229' title='bbox 764 3501 853 3564; x_wconf 85' lang='lat' dir='ltr'>dedit,</span> <span class='ocrx_word' id='word_1_230' title='bbox 876 3501 910 3552; x_wconf 89' lang='lat' dir='ltr'>de</span> <span class='ocrx_word' id='word_1_231' title='bbox 939 3513 993 3562; x_wconf 86' lang='lat' dir='ltr'>quo</span> <span class='ocrx_word' id='word_1_232' title='bbox 1021 3499 1138 3563; x_wconf 85' lang='lat' dir='ltr'>Optatus</span> <span class='ocrx_word' id='word_1_233' title='bbox 1162 3495 1203 3547; x_wconf 84' lang='lat' dir='ltr'>De</span> 
     </span>
     <span class='ocr_line' id='line_1_26' title="bbox 69 3575 1200 3656; baseline -0.004 -16"><span class='ocrx_word' id='word_1_234' title='bbox 69 3575 94 3624; x_wconf 77' lang='lat' dir='ltr'>a</span> <span class='ocrx_word' id='word_1_235' title='bbox 106 3579 144 3640; x_wconf 76' lang='lat'>11³.</span> <span class='ocrx_word' id='word_1_236' title='bbox 156 3584 187 3636; x_wconf 90' lang='lat' dir='ltr'>o.</span> <span class='ocrx_word' id='word_1_237' title='bbox 199 3588 219 3638; x_wconf 87' lang='lat' dir='ltr'>t.</span> <span class='ocrx_word' id='word_1_238' title='bbox 233 3587 310 3640; x_wconf 82' lang='lat' dir='ltr'>xvi.</span> <span class='ocrx_word' id='word_1_239' title='bbox 323 3603 350 3654; x_wconf 78' lang='lat' dir='ltr'>p.</span> <span class='ocrx_word' id='word_1_240' title='bbox 363 3592 446 3654; x_wconf 78' lang='lat'>³441).</span> <span class='ocrx_word' id='word_1_241' title='bbox 642 3594 752 3643; x_wconf 63' lang='lat' dir='ltr'>acuam.</span> <span class='ocrx_word' id='word_1_242' title='bbox 766 3590 900 3642; x_wconf 70' lang='lat' dir='ltr'>nonnas</span> <span class='ocrx_word' id='word_1_243' title='bbox 914 3589 936 3640; x_wconf 88' lang='lat'>1.</span> <span class='ocrx_word' id='word_1_244' title='bbox 950 3587 993 3656; x_wconf 87' lang='lat' dir='ltr'>[rs</span> <span class='ocrx_word' id='word_1_245' title='bbox 1009 3588 1050 3653; x_wconf 82' lang='lat' dir='ltr'>(r.</span> <span class='ocrx_word' id='word_1_246' title='bbox 1071 3587 1102 3638; x_wconf 82' lang='lat' dir='ltr'>L.</span> <span class='ocrx_word' id='word_1_247' title='bbox 1116 3587 1136 3638; x_wconf 90' lang='lat' dir='ltr'>t.</span> <span class='ocrx_word' id='word_1_248' title='bbox 1150 3585 1200 3638; x_wconf 77' lang='grc' dir='ltr'>ιιι.</span> 
     </span>
     <span class='ocr_line' id='line_1_27' title="bbox 95 3671 1200 3748; baseline 0.001 -22"><span class='ocrx_word' id='word_1_249' title='bbox 95 3671 122 3734; x_wconf 69' lang='lat' dir='ltr'>li)</span> <span class='ocrx_word' id='word_1_250' title='bbox 132 3671 277 3729; x_wconf 81' lang='lat' dir='ltr'>Callistum</span> <span class='ocrx_word' id='word_1_251' title='bbox 292 3682 323 3730; x_wconf 88' lang='lat' dir='ltr'>ut</span> <span class='ocrx_word' id='word_1_252' title='bbox 337 3681 486 3732; x_wconf 87' lang='lat' dir='ltr'>obscurum</span> <span class='ocrx_word' id='word_1_253' title='bbox 501 3683 610 3735; x_wconf 82' lang='lat' dir='ltr'>haereti-</span> <span class='ocrx_word' id='word_1_254' title='bbox 645 3697 672 3748; x_wconf 92' lang='lat' dir='ltr'>p.</span> <span class='ocrx_word' id='word_1_255' title='bbox 685 3680 755 3748; x_wconf 82' lang='grc'>9’19))</span> <span class='ocrx_word' id='word_1_256' title='bbox 765 3680 862 3732; x_wconf 83' lang='lat' dir='ltr'>scribit</span> <span class='ocrx_word' id='word_1_257' title='bbox 873 3698 880 3730; x_wconf 76' lang='lat' dir='ltr'>s</span> <span class='ocrx_word' id='word_1_258' title='bbox 893 3677 994 3729; x_wconf 77' lang='lat' dir='ltr'>Burrus</span> <span class='ocrx_word' id='word_1_259' title='bbox 1006 3684 1031 3727; x_wconf 86' lang='lat' dir='ltr'>et</span> <span class='ocrx_word' id='word_1_260' title='bbox 1051 3674 1200 3728; x_wconf 78' lang='lat' dir='ltr'>Celerius...</span> 
     </span>
     <span class='ocr_line' id='line_1_28' title="bbox 68 3763 1202 3834; baseline 0.004 -23"><span class='ocrx_word' id='word_1_261' title='bbox 68 3763 609 3824; x_wconf 78' lang='lat' dir='ltr'>eumindIearietiamiuGsuisnDeere-</span> <span class='ocrx_word' id='word_1_262' title='bbox 643 3771 696 3832; x_wconf 82' lang='lat' dir='ltr'>Qui</span> <span class='ocrx_word' id='word_1_263' title='bbox 716 3773 807 3823; x_wconf 86' lang='lat' dir='ltr'>autem</span> <span class='ocrx_word' id='word_1_264' title='bbox 830 3771 865 3820; x_wconf 86' lang='lat' dir='ltr'>ab</span> <span class='ocrx_word' id='word_1_265' title='bbox 886 3769 987 3834; x_wconf 86' lang='lat' dir='ltr'>Optato</span> <span class='ocrx_word' id='word_1_266' title='bbox 1008 3765 1139 3826; x_wconf 86' lang='lat' dir='ltr'>celesius,</span> <span class='ocrx_word' id='word_1_267' title='bbox 1166 3766 1202 3816; x_wconf 87' lang='lat' dir='ltr'>ab</span> 
     </span>
     <span class='ocr_line' id='line_1_29' title="bbox 69 3847 1202 3928; baseline 0.006 -31"><span class='ocrx_word' id='word_1_268' title='bbox 69 3847 109 3898; x_wconf 87' lang='lat' dir='ltr'>uli</span> <span class='ocrx_word' id='word_1_269' title='bbox 119 3852 150 3906; x_wconf 89' lang='lat' dir='ltr'>de</span> <span class='ocrx_word' id='word_1_270' title='bbox 159 3855 238 3909; x_wconf 86' lang='lat' dir='ltr'>librIs</span> <span class='ocrx_word' id='word_1_271' title='bbox 249 3859 418 3925; x_wconf 84' lang='lat' dir='ltr'>recipiendis</span> <span class='ocrx_word' id='word_1_272' title='bbox 434 3865 462 3913; x_wconf 87' lang='lat' dir='ltr'>et</span> <span class='ocrx_word' id='word_1_273' title='bbox 473 3875 529 3913; x_wconf 89' lang='lat' dir='ltr'>non</span> <span class='ocrx_word' id='word_1_274' title='bbox 540 3863 608 3914; x_wconf 88' lang='lat' dir='ltr'>reci·</span> <span class='ocrx_word' id='word_1_275' title='bbox 643 3861 798 3928; x_wconf 77' lang='lat' dir='ltr'>Augustino</span> <span class='ocrx_word' id='word_1_276' title='bbox 807 3861 837 3911; x_wconf 90' lang='lat' dir='ltr'>in</span> <span class='ocrx_word' id='word_1_277' title='bbox 850 3856 963 3910; x_wconf 71' lang='lat' dir='ltr'>Psalmo</span> <span class='ocrx_word' id='word_1_278' title='bbox 970 3855 1132 3907; x_wconf 71' lang='lat' dir='ltr'>descedes-to</span> <span class='ocrx_word' id='word_1_279' title='bbox 1141 3867 1202 3905; x_wconf 82' lang='lat' dir='ltr'>con-</span> 
     </span>
     <span class='ocr_line' id='line_1_30' title="bbox 71 3937 1202 4016; baseline -0.004 -17"><span class='ocrx_word' id='word_1_280' title='bbox 71 3937 163 3998; x_wconf 82' lang='lat' dir='ltr'>Iiendis</span> <span class='ocrx_word' id='word_1_281' title='bbox 184 3946 257 3998; x_wconf 85' lang='lat' dir='ltr'>Inter</span> <span class='ocrx_word' id='word_1_282' title='bbox 278 3961 327 4000; x_wconf 88' lang='lat' dir='ltr'>ecs</span> <span class='ocrx_word' id='word_1_283' title='bbox 349 3963 467 4012; x_wconf 87' lang='lat' dir='ltr'>quorum</span> <span class='ocrx_word' id='word_1_284' title='bbox 495 3951 607 4003; x_wconf 90' lang='lat' dir='ltr'>uomina</span> <span class='ocrx_word' id='word_1_285' title='bbox 640 3958 684 4002; x_wconf 85' lang='lat' dir='ltr'>tra</span> <span class='ocrx_word' id='word_1_286' title='bbox 696 3951 854 4002; x_wconf 75' lang='lat' dir='ltr'>Donatistae</span> <span class='ocrx_word' id='word_1_287' title='bbox 867 3947 910 4016; x_wconf 90' lang='lat' dir='ltr'>[P.</span> <span class='ocrx_word' id='word_1_288' title='bbox 925 3948 957 3999; x_wconf 91' lang='lat' dir='ltr'>L.</span> <span class='ocrx_word' id='word_1_289' title='bbox 970 3947 989 3998; x_wconf 85' lang='lat' dir='ltr'>t.</span> <span class='ocrx_word' id='word_1_290' title='bbox 1003 3944 1107 3998; x_wconf 89' lang='lat' dir='ltr'>XLIII.</span> <span class='ocrx_word' id='word_1_291' title='bbox 1118 3959 1145 4009; x_wconf 90' lang='lat' dir='ltr'>p.</span> <span class='ocrx_word' id='word_1_292' title='bbox 1158 3943 1202 4008; x_wconf 83' lang='lat'>26]</span> 
     </span>
     <span class='ocr_line' id='line_1_31' title="bbox 69 4025 1202 4105; baseline 0.008 -32"><span class='ocrx_word' id='word_1_293' title='bbox 69 4025 138 4080; x_wconf 87' lang='lat' dir='ltr'>simul</span> <span class='ocrx_word' id='word_1_294' title='bbox 146 4036 452 4103; x_wconf 79' lang='lat' dir='ltr'>congestelegunturin</span> <span class='ocrx_word' id='word_1_295' title='bbox 463 4041 518 4092; x_wconf 85' lang='lat' dir='ltr'>tine</span> <span class='ocrx_word' id='word_1_296' title='bbox 526 4041 606 4105; x_wconf 87' lang='lat' dir='ltr'>hujus</span> <span class='ocrx_word' id='word_1_297' title='bbox 639 4039 773 4093; x_wconf 81' lang='lat' dir='ltr'>celestius</span> <span class='ocrx_word' id='word_1_298' title='bbox 793 4040 976 4104; x_wconf 86' lang='lat' dir='ltr'>nuncupetur.</span> <span class='ocrx_word' id='word_1_299' title='bbox 1000 4058 1012 4078; x_wconf 63' lang='lat' dir='ltr'>s</span> <span class='ocrx_word' id='word_1_300' title='bbox 1034 4063 1067 4072; x_wconf 88' lang='lat'>-</span> <span class='ocrx_word' id='word_1_301' title='bbox 1093 4031 1202 4085; x_wconf 86' lang='lat' dir='ltr'>Callisti</span> 
     </span>
     <span class='ocr_line' id='line_1_32' title="bbox 70 4112 1203 4193; baseline -0.002 -21"><span class='ocrx_word' id='word_1_302' title='bbox 70 4112 407 4190; x_wconf 65' lang='lat' dir='ltr'>taeterrimorum</span> <span class='ocrx_word' id='word_1_303' title='bbox 419 4143 445 4193; x_wconf 88' lang='lat' dir='ltr'>p.</span> <span class='ocrx_word' id='word_1_304' title='bbox 458 4124 606 4192; x_wconf 56' lang='lat' dir='ltr'>lremedass</span> <span class='ocrx_word' id='word_1_305' title='bbox 639 4144 704 4184; x_wconf 87' lang='lat' dir='ltr'>vero</span> <span class='ocrx_word' id='word_1_306' title='bbox 720 4133 751 4183; x_wconf 92' lang='lat' dir='ltr'>ut</span> <span class='ocrx_word' id='word_1_307' title='bbox 768 4130 891 4183; x_wconf 85' lang='lat' dir='ltr'>haeretici</span> <span class='ocrx_word' id='word_1_308' title='bbox 912 4127 1066 4193; x_wconf 80' lang='lat' dir='ltr'>designatio</span> <span class='ocrx_word' id='word_1_309' title='bbox 1084 4123 1203 4174; x_wconf 87' lang='lat' dir='ltr'>hebetur</span> 
     </span>
     <span class='ocr_line' id='line_1_33' title="bbox 71 4209 1201 4279; baseline -0.004 -13"><span class='ocrx_word' id='word_1_310' title='bbox 71 4209 135 4265; x_wconf 77' lang='lat' dir='ltr'>suut</span> <span class='ocrx_word' id='word_1_311' title='bbox 159 4225 193 4265; x_wconf 81' lang='lat' dir='ltr'>ns</span> <span class='ocrx_word' id='word_1_312' title='bbox 215 4215 302 4268; x_wconf 86' lang='lat' dir='ltr'>Rossr</span> <span class='ocrx_word' id='word_1_313' title='bbox 324 4215 451 4279; x_wconf 81' lang='lat' dir='ltr'>(Bultett.</span> <span class='ocrx_word' id='word_1_314' title='bbox 480 4221 509 4269; x_wconf 81' lang='lat' dir='ltr'>di</span> <span class='ocrx_word' id='word_1_315' title='bbox 524 4221 608 4272; x_wconf 79' lang='lat' dir='ltr'>Aret.</span> <span class='ocrx_word' id='word_1_316' title='bbox 644 4223 719 4272; x_wconf 86' lang='lat' dir='ltr'>certe</span> <span class='ocrx_word' id='word_1_317' title='bbox 737 4221 766 4271; x_wconf 91' lang='lat' dir='ltr'>in</span> <span class='ocrx_word' id='word_1_318' title='bbox 783 4215 1031 4271; x_wconf 79' lang='lat' dir='ltr'>Pseudo-silvestri</span> <span class='ocrx_word' id='word_1_319' title='bbox 1047 4211 1201 4264; x_wconf 85' lang='lat' dir='ltr'>Ooustttuto</span> 
     </span>
     <span class='ocr_line' id='line_1_34' title="bbox 74 4293 1201 4377; baseline -0.001 -24"><span class='ocrx_word' id='word_1_320' title='bbox 74 4293 142 4353; x_wconf 76' lang='lat' dir='ltr'>Crat,</span> <span class='ocrx_word' id='word_1_321' title='bbox 168 4319 211 4358; x_wconf 89' lang='lat' dir='ltr'>an.</span> <span class='ocrx_word' id='word_1_322' title='bbox 243 4309 314 4360; x_wconf 81' lang='grc'>1866.</span> <span class='ocrx_word' id='word_1_323' title='bbox 345 4323 371 4374; x_wconf 90' lang='lat' dir='ltr'>p.</span> <span class='ocrx_word' id='word_1_324' title='bbox 399 4311 451 4372; x_wconf 88' lang='lat'>95).</span> <span class='ocrx_word' id='word_1_325' title='bbox 475 4310 512 4361; x_wconf 86' lang='lat' dir='ltr'>At</span> <span class='ocrx_word' id='word_1_326' title='bbox 533 4309 612 4363; x_wconf 83' lang='lat' dir='ltr'>&#39;I&#39;hiel</span> <span class='ocrx_word' id='word_1_327' title='bbox 646 4309 702 4376; x_wconf 89' lang='lat' dir='ltr'>(cit.</span> <span class='ocrx_word' id='word_1_328' title='bbox 716 4311 841 4377; x_wconf 78' lang='lat' dir='ltr'>Append.</span> <span class='ocrx_word' id='word_1_329' title='bbox 855 4325 917 4377; x_wconf 80' lang='lat' dir='ltr'>pag.</span> <span class='ocrx_word' id='word_1_330' title='bbox 930 4307 976 4371; x_wconf 76' lang='grc'>29)</span> <span class='ocrx_word' id='word_1_331' title='bbox 987 4311 1015 4360; x_wconf 91' lang='lat' dir='ltr'>et</span> <span class='ocrx_word' id='word_1_332' title='bbox 1030 4305 1059 4356; x_wconf 92' lang='lat' dir='ltr'>in</span> <span class='ocrx_word' id='word_1_333' title='bbox 1070 4301 1201 4366; x_wconf 76' lang='lat' dir='ltr'>catalogo</span> 
     </span>
     <span class='ocr_line' id='line_1_35' title="bbox 72 4385 1203 4464; baseline -0.004 -18"><span class='ocrx_word' id='word_1_334' title='bbox 72 4385 139 4452; x_wconf 66' lang='grc' dir='ltr'>(ΕΜ).</span> <span class='ocrx_word' id='word_1_335' title='bbox 151 4391 210 4449; x_wconf 82' lang='lat' dir='ltr'>RR.</span> <span class='ocrx_word' id='word_1_336' title='bbox 230 4397 292 4450; x_wconf 89' lang='lat' dir='ltr'>PP.</span> <span class='ocrx_word' id='word_1_337' title='bbox 309 4399 330 4450; x_wconf 87' lang='lat' dir='ltr'>t.</span> <span class='ocrx_word' id='word_1_338' title='bbox 348 4398 371 4450; x_wconf 91' lang='lat' dir='ltr'>I.</span> <span class='ocrx_word' id='word_1_339' title='bbox 386 4414 413 4464; x_wconf 90' lang='lat' dir='ltr'>p.</span> <span class='ocrx_word' id='word_1_340' title='bbox 429 4400 486 4452; x_wconf 76' lang='lat' dir='ltr'>Ito.</span> <span class='ocrx_word' id='word_1_341' title='bbox 500 4402 556 4452; x_wconf 88' lang='lat' dir='ltr'>not.</span> <span class='ocrx_word' id='word_1_342' title='bbox 570 4403 611 4464; x_wconf 82' lang='grc'>87)</span> <span class='ocrx_word' id='word_1_343' title='bbox 645 4401 747 4454; x_wconf 83' lang='lat' dir='ltr'>Felicis</span> <span class='ocrx_word' id='word_1_344' title='bbox 762 4401 800 4452; x_wconf 88' lang='lat' dir='ltr'>1v</span> <span class='ocrx_word' id='word_1_345' title='bbox 810 4415 859 4452; x_wconf 88' lang='lat' dir='ltr'>seu</span> <span class='ocrx_word' id='word_1_346' title='bbox 877 4399 959 4452; x_wconf 78' lang='lat' dir='ltr'>Libro</span> <span class='ocrx_word' id='word_1_347' title='bbox 974 4395 1142 4459; x_wconf 80' lang='lat' dir='ltr'>Pontiflccb&#39;,</span> <span class='ocrx_word' id='word_1_348' title='bbox 1155 4395 1203 4445; x_wconf 88' lang='lat' dir='ltr'>ubi</span> 
     </span>
     <span class='ocr_line' id='line_1_36' title="bbox 72 4473 1232 4557; baseline 0.006 -28"><span class='ocrx_word' id='word_1_349' title='bbox 72 4487 150 4535; x_wconf 83' lang='lat' dir='ltr'>monet</span> <span class='ocrx_word' id='word_1_350' title='bbox 166 4486 192 4537; x_wconf 89' lang='lat' dir='ltr'>in</span> <span class='ocrx_word' id='word_1_351' title='bbox 210 4487 274 4540; x_wconf 86' lang='lat' dir='ltr'>eliis</span> <span class='ocrx_word' id='word_1_352' title='bbox 291 4487 434 4540; x_wconf 86' lang='lat' dir='ltr'>codicibus</span> <span class='ocrx_word' id='word_1_353' title='bbox 452 4503 517 4540; x_wconf 83' lang='lat' dir='ltr'>mss.</span> <span class='ocrx_word' id='word_1_354' title='bbox 530 4489 613 4557; x_wconf 79' lang='lat' dir='ltr'>longe</span> <span class='ocrx_word' id='word_1_355' title='bbox 646 4491 674 4542; x_wconf 90' lang='lat' dir='ltr'>in</span> <span class='ocrx_word' id='word_1_356' title='bbox 694 4492 750 4543; x_wconf 87' lang='lat' dir='ltr'>vila</span> <span class='ocrx_word' id='word_1_357' title='bbox 764 4490 888 4542; x_wconf 78' lang='lat' dir='ltr'>silvestri</span> <span class='ocrx_word' id='word_1_358' title='bbox 908 4491 1033 4556; x_wconf 78' lang='lat' dir='ltr'>IegIturs</span> <span class='ocrx_word' id='word_1_359' title='bbox 1054 4509 1066 4529; x_wconf 78' lang='lat' dir='ltr'>u</span> <span class='ocrx_word' id='word_1_360' title='bbox 1086 4486 1118 4536; x_wconf 92' lang='lat' dir='ltr'>In</span> <span class='ocrx_word' id='word_1_361' title='bbox 1133 4485 1202 4536; x_wconf 87' lang='lat' dir='ltr'>urbe</span> <span class='ocrx_word' id='word_1_362' title='bbox 1230 4473 1232 4480; x_wconf 65' lang='grc'>’</span> 
     </span>
    </p>
   </div>
   <div class='ocr_carea' id='block_1_6' title="bbox 0 0 1590 5134">
    <p class='ocr_par' dir='ltr' id='par_1_9' title="bbox 0 0 1590 5134">
     <span class='ocr_line' id='line_1_37' title="bbox 0 0 1590 5134; baseline 0 1"><span class='ocrx_word' id='word_1_363' title='bbox 0 0 1590 5134; x_wconf 95' lang='lat' dir='ltr'> </span> 
     </span>
    </p>
   </div>
  </div>
 </body>
</html>
