3180 5134
352 475 389 535 42
838 483 955 530 cnosso.
979 477 1016 530 n.

351 657 493 730 loquitur,
508 653 624 727 quando
636 652 667 709 et
680 652 773 722 ipsam
783 649 892 714 christi
901 650 1129 721 appellationem
1139 652 1182 709 illi
1193 653 1332 714 attribuit
1343 655 1374 712 ct
1385 659 1489 712 inenar-

350 758 475 816 rabilem
492 767 530 810 ex
548 751 637 809 Patre
654 747 874 820 generationem
888 747 964 803 citra
982 748 1242 818 reprehensionem
1256 749 1404 808 describit.
1425 754 1488 816 Qua

350 872 398 915 res
418 851 583 924 ambigendi
603 849 729 905 fortasse
746 847 875 917 cuipiam
895 857 1016 902 oausam
1036 845 1179 916 praebeat,
1199 847 1277 904 sitne
1302 848 1359 906 hoc
1379 847 1487 919 iosephi

350 951 525 1024 opusculum
538 965 545 1004 ε
557 946 614 1003 etsi
627 944 699 1000 nihil
712 943 827 1000 dicendi
840 957 948 1014 genere
962 957 981 998 a
993 942 1116 1014 reliquis
1126 943 1259 1014 eiusdem
1273 947 1392 1017 scriptis
1404 946 1487 1002 disce·

350 1050 402 1107 dit.
420 1079 455 1088 —
469 1043 604 1115 comperi
615 1041 790 1098 annotatum
806 1040 907 1106 titisse,
922 1054 980 1096 non
993 1055 1058 1096 esse
1071 1041 1190 1111 losephi
1203 1041 1260 1100 hoc
1273 1057 1358 1114 opus,
1373 1043 1422 1102 sed
1435 1043 1487 1100 caii

349 1147 505 1218 cujusdam
520 1139 690 1211 Presbyteri
700 1141 800 1196 mma
813 1139 938 1208 agentia,
952 1140 1085 1208 quemet
1096 1139 1251 1198 auctorem
1264 1141 1377 1199 iaciunt
1389 1141 1487 1211 Laby-

347 1243 463 1302 rinthi
484 1264 490 1300 :
512 1241 598 1310 ouius
608 1237 700 1293 etiam
713 1235 847 1306 dialogus
860 1235 906 1292 est
919 1217 1063 1292 adversus
1074 1237 1214 1294 Proclum
1224 1239 1392 1308 quemdam,
1404 1239 1485 1294 haere

348 1343 388 1398 sis
408 1336 656 1396 montanistarum
676 1331 870 1387 defensorem.
885 1333 958 1387 Cum
980 1332 1059 1387 enim
1078 1333 1142 1388 sine
1160 1332 1248 1390 titulo
1262 1349 1337 1405 opus
1357 1333 1483 1390 relictum

348 1435 502 1503 cacahelli
524 1432 642 1503 quidem
655 1428 781 1500 iosepho
803 1429 978 1500 inscriptum
994 1431 1137 1498 referunt,
1152 1432 1203 1488 elii
1222 1435 1340 1491 tustino
1355 1431 1480 1502 martyri,

348 1533 482 1592 nonnulli
496 1533 624 1595 lrenaeo;
639 1527 885 1597 quemadmodum
899 1527 929 1582 et
948 1525 1161 1596 Labyrinthum
1176 1531 1294 1600 origeni
1309 1531 1424 1600 quidam
1439 1529 1483 1584 tri·

234 1666 238 1682 .
346 1633 446 1688 buere.
471 1629 586 1698 Alioqui
607 1625 667 1681 Caii
684 1624 729 1680 est
748 1637 821 1694 opus
838 1622 971 1693 ejusdem
990 1638 1097 1680 revera
1114 1627 1164 1695 qui
1183 1627 1395 1696 Labyrinthum
1413 1641 1481 1682 com·

345 1726 454 1799 posuit,
468 1723 584 1795 quando
598 1721 648 1777 ille
660 1721 722 1790 ipse
735 1719 765 1774 in
778 1719 913 1775 extremo
927 1720 1108 1790 labyrintho
1121 1723 1266 1779 testatum
1281 1723 1408 1794 reliquit,
1428 1735 1483 1778 esso

344 1847 377 1888 se
397 1830 462 1886 libri
483 1833 528 1885 De
548 1825 707 1884 universi
728 1825 856 1880 natura
877 1822 947 1894 (aspi
968 1822 1016 1886 τῆς
1029 1823 1080 1876 τοῦ
1093 1823 1194 1888 aereis
1214 1820 1314 1889 edelar)
1333 1829 1479 1885 auctorem.

344 1931 454 1985 Verum
472 1926 557 1982 hicne
571 1923 646 1980 liber
660 1923 710 1978 illo
723 1922 762 1978 sit
780 1922 816 1976 de
830 1936 887 1991 quo
898 1919 999 1990 agitur
1011 1935 1049 1977 an
1062 1921 1150 1988 alius,
1162 1923 1294 1978 nondum
1308 1925 1378 1980 mihi
1392 1923 1479 1995 liquot.

382 2050 396 2073 η
419 2026 504 2080 Hunc
518 2023 619 2078 caium
633 2019 843 2090 Presbyterum
858 2019 998 2075 Romanae
1011 2017 1151 2074 Ecclesiae
1161 2018 1252 2076 fuisse
1266 2021 1420 2087 affirmant,
1434 2019 1479 2076 sub

344 2123 464 2182 Victore
483 2121 515 2178 et
532 2119 695 2191 zephyrino
717 2117 919 2182 Pontificibus,
935 2115 1163 2187 ordinatumque
1182 2117 1213 2174 et
1226 2119 1358 2188 gentium
1378 2119 1478 2190 Episco-

343 2235 427 2292 pum,
448 2216 601 2287 scripsisse
619 2227 734 2283 quoque
760 2213 941 2284 peculiarem
960 2212 1052 2268 alium
1074 2212 1183 2269 librum
1204 2216 1311 2272 contra
1328 2213 1477 2272 Artemonis

342 2315 491 2383 haeresim,
506 2313 536 2368 et
549 2311 692 2368 adversus
707 2310 857 2376 Plocium,
872 2309 1004 2366 Montani
1018 2310 1195 2379 studiosum,
1209 2313 1380 2370 accuratam
1393 2312 1476 2380 dispu-

341 2413 494 2475 tationem,
517 2409 547 2464 in
566 2421 625 2478 qua
643 2405 786 2462 tredecim
805 2405 963 2463 dumtaxat
983 2406 1068 2463 Pauli
1088 2407 1235 2478 Epistolas
1254 2408 1415 2474 enumerat,
1428 2419 1475 2461 non

340 2511 462 2582 recepta
475 2509 636 2565 incensum
650 2520 686 2562 ea
695 2521 762 2576 quae
775 2505 821 2572 est
833 2505 870 2563 ad
882 2506 1031 2563 Hebraeos.
1048 2531 1062 2554 n
1074 2505 1111 2580 (1)

386 2638 426 2705 9.
455 2645 655 2699 Nicnrnonus'
679 2643 820 2698 canoram
845 2641 880 2696 ll.
908 2644 940 2698 E.
969 2645 1015 2700 1v.
1045 2644 1077 2698 12
1103 2665 1108 2698 :
1137 2667 1149 2688 u
1179 2644 1234 2699 Sed
1260 2643 1364 2699 etalii
1389 2640 1474 2711 plures

340 2727 503 2808 cbrist'iano
525 2749 611 2820 plane
627 2747 726 2804 animo
738 2761 792 2816 pro
807 2745 864 2802 ilde
877 2747 981 2804 nostra
993 2745 1185 2804 decertarunt
1198 2747 1228 2804 et
1241 2749 1383 2805 adversus
1396 2746 1473 2802 hare·
1559 2725 1560 2763 ³

339 2863 386 2905 ses
397 2845 650 2918 depugnarunt...
666 2845 776 2910 Quibus
787 2845 874 2901 Caius
887 2845 918 2902 et
931 2844 1131 2902 Tertullianus
1145 2845 1253 2902 merito
1268 2847 1337 2902 sunt
1350 2845 1472 2902 adsume

337 2944 435 3012 randi,
462 2943 513 3014 qui
538 2943 666 3014 plurima
691 2941 772 2998 certe
795 2939 826 2996 et
845 2941 1048 3012 pulcherrima
1073 2942 1231 2999 ediderunt
1250 2943 1362 3014 scripta
1386 2961 1391 2998 :
1416 2950 1472 3008 quo

338 3041 511 3114 singillatim
524 3053 679 3097 recensere
692 3039 848 3110 praesentis
860 3038 988 3097 instituti
1003 3054 1060 3096 non
1074 3039 1129 3096 est.
1147 3065 1160 3088 n

275 3221 283 3236 .
385 3168 447 3234 lo.
479 3178 517 3234 In
549 3177 691 3247 ammom
722 3175 890 3234 Eheu-lesu
921 3176 991 3248 (cfr.
1022 3192 1118 3254 suma
1153 3177 1274 3235 Testim.
1304 3181 1341 3235 da
1368 3171 1469 3241 Hippo·

337 3285 399 3349 lyto
414 3283 461 3336 lll.
477 3282 517 3351 9.)
532 3283 670 3337 citantur
687 3280 856 3336 Hirronrm
874 3303 888 3326 u
906 3279 1009 3350 Capita
1025 3279 1169 3338 adversus
1182 3281 1294 3338 caium.
1315 3305 1327 3324 υ

361 3546 391 3604 (1)
402 3546 430 3592 Ρ.
444 3545 473 3592 G.
487 3548 505 3591 t.
518 3543 584 3592 0111.
597 3555 622 3602 p.
634 3545 670 3590 86.
