3170 5134
303 412 364 458 car.
388 415 408 459 ι.
431 415 488 470 oro
508 414 638 460 rencone
658 413 769 460 inicos.
793 413 964 461 conanime
985 415 1058 462 sun.
1216 403 1254 462 07

104 579 231 682 capita
243 579 400 658 fidenter
416 583 567 670 tractat,
587 581 894 690 haereseologiam
911 582 1128 660 universam
1141 585 1255 662 auda-

103 719 181 791 cter
204 717 385 808 decurrit,
410 718 670 796 ecclesiasticis
692 719 808 796 etiam
830 719 1096 796 controversiis
1121 720 1254 799 immo·

104 853 226 942 ratur,
258 877 325 929 nec
355 857 481 930 tamen
515 851 636 930 ullum
666 852 850 954 sequioris
880 851 953 929 aevi
982 852 1184 953 vestigium
1214 853 1254 930 in

103 985 238 1065 itinere
263 962 474 1090 relinquit

152 1161 191 1248 5·
218 1165 412 1242 Nimirum
441 1201 479 1249 a.
506 1167 562 1244 De
591 1167 763 1246 doctrina
793 1173 830 1246 et
859 1168 1058 1270 disciplina
1087 1167 1253 1247 ecclesiae

102 1303 378 1380 controversias
396 1327 470 1379 non
484 1303 638 1406 attingit
651 1303 747 1382 alias
764 1329 878 1407 quarn
897 1330 981 1408 quae
995 1305 1106 1383 tertio
1125 1306 1252 1382 seculo

104 1435 253 1542 ineunte
270 1437 513 1538 agitabantur
534 1469 541 1516 :
563 1440 661 1541 quod
687 1439 833 1518 collatis
847 1466 934 1518 cum
959 1442 1030 1519 hoc
1047 1467 1158 1544 opere
1176 1444 1252 1521 dis·

105 1571 364 1670 putationibus
382 1572 607 1651 Tertulliani
625 1575 736 1653 facile
753 1579 921 1679 apparet.

152 1745 193 1830 li·
218 1764 252 1829 o.
280 1748 324 1825 In
342 1749 402 1825 his
415 1751 542 1826 autem
560 1775 606 1827 ne
624 1723 703 1827 ulla
721 1750 872 1852 quidem
889 1748 1025 1828 vocula
1038 1749 1094 1826 illi
1113 1751 1252 1828 excidit

105 1907 185 1983 quae
203 1883 402 1961 recentiori
416 1887 527 1962 aetate
545 1884 709 1987 primum
726 1885 767 1960 in
780 1910 852 1961 usu
870 1884 998 1972 fuerit,
1014 1884 1153 1961 nedum
1169 1883 1252 1960 leve

107 2021 261 2120 quodvis
280 2021 462 2098 indicium
481 2020 583 2098 illius
601 2021 861 2124 explicationis
875 2045 989 2122 quam
1007 2020 1127 2097 serius
1146 2045 1250 2098 occa·

107 2157 206 2236 sione
223 2159 419 2238 haerescon
444 2161 652 2240 christiana
668 2162 846 2264 dogmata
871 2161 932 2238 vel
950 2161 1125 2238 instituta
1142 2163 1252 2237 nacta

20 2346 21 2368 t
106 2297 187 2372 sunt
205 2325 212 2371 :
234 2294 381 2372 nnllam
399 2296 542 2375 scilicet
558 2297 657 2401 apud
675 2321 762 2375 eum
780 2296 1031 2398 dogmaticam
1049 2295 1252 2372 formulam

20 2461 21 2470 ι
107 2430 264 2529 reperies
290 2430 351 2507 cui
377 2432 527 2532 gemina
551 2430 612 2509 vel
638 2432 772 2509 similis
799 2431 898 2534 apud
929 2430 1159 2532 antiquiores
1190 2429 1251 2505 vel
1360 2425 1362 2434 ⁴

20 2567 21 2576 ‘
106 2565 277 2666 aquales,
296 2566 504 2657 lustinum,
533 2567 732 2657 Irenaeum,
759 2566 1024 2669 Hippolytum,
1051 2563 1250 2641 Tertullia-

105 2722 201 2790 num,
221 2727 298 2779 non
315 2707 497 2780 recurrat.

21 2963 22 2968 Ν
149 2865 181 2952 7.
204 2903 236 2954 o.
265 2872 374 2960 Quod
392 2873 526 2950 attinet
542 2873 590 2952 ad
608 2872 930 2975 haereseologiam‚
950 2869 1148 2973 profitetur
1166 2868 1245 2970 ipse

21 2983 23 3056 l
104 3002 180 3102 plus
196 3007 326 3097 semel,
347 3032 522 3110 seneque
546 3007 666 3086 ullam
684 3009 949 3086 haereticorum
968 3009 1108 3082 sectam
1127 3028 1246 3104 neque

105 3162 260 3220 errorem
294 3142 417 3222 ullum
450 3149 582 3224 notatu
616 3145 775 3248 dignum
810 3145 891 3222 sine
921 3140 1247 3221 animadversione

104 3275 438 3370 praetermissurum
461 3281 511 3377 (1).
537 3279 588 3356 Et
610 3304 700 3356 sane
722 3279 820 3355 inter
843 3277 1026 3381 plurimos
1050 3274 1246 3350 haereticos

105 3405 200 3486 abeo
222 3412 426 3488 recensitos
450 3412 567 3515 aliqui
585 3414 701 3492 etiam
724 3414 942 3491 referuntur
958 3433 1120 3512 quorum
1139 3406 1246 3484 nulla

22 3527 23 3570 ⁷
106 3545 232 3624 mentio
249 3550 319 3623 aut
335 3547 401 3622 vix
417 3547 546 3650 aliqua
562 3549 662 3651 apud
679 3555 825 3626 veteres
839 3545 1016 3624 occurrit.
1039 3542 1111 3622 Sed
1126 3541 1165 3618 in
1179 3539 1246 3617 illo

108 3670 360 3758 haereticorum
383 3687 497 3785 atque
518 3683 711 3761 haereseon
727 3709 856 3772 censu,
876 3705 950 3783 quo
967 3702 1042 3754 non
1056 3673 1153 3752 alius
1172 3671 1247 3777 ple

108 3806 281 3893 morante
300 3816 557 3920 Epiphaniam
575 3819 774 3920 reperitur,
795 3815 902 3895 nulla
915 3812 1078 3891 elabitur
1095 3808 1245 3886 auctori

108 3951 229 4029 mentio
248 3955 388 4031 erroris
406 3955 471 4056 qui
489 3960 600 4035 aetate
619 3955 767 4035 Callisti
783 3957 822 4035 S.
841 3955 888 4032 P.
909 3949 1095 4055 posterior
1112 3945 1240 4022 fuerit.

111 4082 249 4192 Siquid
272 4118 386 4195 porro
409 4093 455 4171 de
477 4094 523 4171 iis
548 4095 762 4174 distinctius
786 4091 984 4198 expressit,
1010 4087 1047 4163 id
1070 4083 1246 4185 nuspiam

138 4345 163 4410 (1)
172 4345 239 4406 Pan.
254 4354 276 4406 l.
287 4368 421 4420 prooem.;
431 4354 477 4406 VI.
488 4356 518 4417 6;
528 4355 576 4408 IX.
590 4357 653 4419 6,31
686 4358 762 4418 3369,
774 4355 860 4408 34123.

112 4433 181 4493 tro.
193 4447 211 4495 t.
220 4446 290 4498 XVI.
304 4451 376 4514 part.
388 4461 426 4500 111.
435 4462 481 4513 pp.
494 4447 569 4510 3019,
581 4449 654 4510 3205,
