<?xml version="1.0" encoding="UTF-8"?>
<!DOCTYPE html PUBLIC "-//W3C//DTD XHTML 1.0 Transitional//EN"
    "http://www.w3.org/TR/xhtml1/DTD/xhtml1-transitional.dtd">
<html xmlns="http://www.w3.org/1999/xhtml" xml:lang="en" lang="en">
 <head>
  <title>
</title>
<meta http-equiv="Content-Type" content="text/html;charset=utf-8" />
  <meta name='ocr-system' content='tesseract 3.04.00' />
  <meta name='ocr-capabilities' content='ocr_page ocr_carea ocr_par ocr_line ocrx_word'/>
</head>
<body>
  <div class='ocr_page' id='page_1' title='image "./dissertationess00smedgoog_0281.png"; bbox 0 0 3154 5134; ppageno 0'>
   <div class='ocr_carea' id='block_1_1' title="bbox 377 433 1291 496">
    <p class='ocr_par' dir='ltr' id='par_1_1' title="bbox 377 433 1291 496">
     <span class='ocr_line' id='line_1_1' title="bbox 377 433 1291 496; baseline 0.002 -4"><span class='ocrx_word' id='word_1_1' title='bbox 377 433 436 492; x_wconf 69' lang='lat'>266</span> <span class='ocrx_word' id='word_1_2' title='bbox 609 447 679 493; x_wconf 87' lang='lat' dir='ltr'>mss.</span> <span class='ocrx_word' id='word_1_3' title='bbox 703 447 733 491; x_wconf 87' lang='lat' dir='ltr'>v.</span> <span class='ocrx_word' id='word_1_4' title='bbox 757 447 792 492; x_wconf 84' lang='lat' dir='ltr'>nn</span> <span class='ocrx_word' id='word_1_5' title='bbox 813 447 950 494; x_wconf 83' lang='lat' dir='ltr'>comnov.</span> <span class='ocrx_word' id='word_1_6' title='bbox 974 446 1054 494; x_wconf 83' lang='lat' dir='ltr'>cmm</span> <span class='ocrx_word' id='word_1_7' title='bbox 1075 447 1157 493; x_wconf 77' lang='lat' dir='ltr'>narr.</span> <span class='ocrx_word' id='word_1_8' title='bbox 1182 450 1291 496; x_wconf 69' lang='lat' dir='ltr'>nunna</span> 
     </span>
    </p>
   </div>
   <div class='ocr_carea' id='block_1_2' title="bbox 369 612 1542 1942">
    <p class='ocr_par' dir='ltr' id='par_1_2' title="bbox 369 612 1542 1942">
     <span class='ocr_line' id='line_1_2' title="bbox 426 612 1488 715; baseline 0.001 -21"><span class='ocrx_word' id='word_1_9' title='bbox 426 637 460 703; x_wconf 75' lang='lat' dir='ltr'>a.</span> <span class='ocrx_word' id='word_1_10' title='bbox 474 620 632 694; x_wconf 91' lang='lat' dir='ltr'>Petrum</span> <span class='ocrx_word' id='word_1_11' title='bbox 644 612 767 715; x_wconf 89' lang='lat' dir='ltr'>quoad</span> <span class='ocrx_word' id='word_1_12' title='bbox 781 612 1042 690; x_wconf 89' lang='lat' dir='ltr'>auctoritatem</span> <span class='ocrx_word' id='word_1_13' title='bbox 1057 613 1096 690; x_wconf 92' lang='lat' dir='ltr'>in</span> <span class='ocrx_word' id='word_1_14' title='bbox 1108 615 1266 692; x_wconf 88' lang='lat' dir='ltr'>ccclesia</span> <span class='ocrx_word' id='word_1_15' title='bbox 1277 618 1488 694; x_wconf 83' lang='lat' dir='ltr'>exercendam</span> 
     </span>
     <span class='ocr_line' id='line_1_3' title="bbox 377 749 1488 857; baseline -0.005 -24"><span class='ocrx_word' id='word_1_16' title='bbox 377 753 519 857; x_wconf 92' lang='lat' dir='ltr'>aliquid</span> <span class='ocrx_word' id='word_1_17' title='bbox 545 749 708 852; x_wconf 91' lang='lat' dir='ltr'>amplius</span> <span class='ocrx_word' id='word_1_18' title='bbox 734 772 848 849; x_wconf 89' lang='lat' dir='ltr'>quam</span> <span class='ocrx_word' id='word_1_19' title='bbox 873 751 1015 825; x_wconf 85' lang='lat' dir='ltr'>ceteros</span> <span class='ocrx_word' id='word_1_20' title='bbox 1040 749 1228 852; x_wconf 88' lang='lat' dir='ltr'>apostolos</span> <span class='ocrx_word' id='word_1_21' title='bbox 1254 752 1308 829; x_wconf 90' lang='lat' dir='ltr'>ait</span> <span class='ocrx_word' id='word_1_22' title='bbox 1331 753 1488 854; x_wconf 87' lang='lat' dir='ltr'>accepisse</span> 
     </span>
     <span class='ocr_line' id='line_1_4' title="bbox 379 882 1489 987; baseline -0.007 -18"><span class='ocrx_word' id='word_1_23' title='bbox 379 916 402 968; x_wconf 86' lang='lat' dir='ltr'>a</span> <span class='ocrx_word' id='word_1_24' title='bbox 420 887 581 966; x_wconf 87' lang='lat' dir='ltr'>Domino</span> <span class='ocrx_word' id='word_1_25' title='bbox 595 887 644 984; x_wconf 80' lang='lat' dir='ltr'>(r).</span> <span class='ocrx_word' id='word_1_26' title='bbox 663 929 710 938; x_wconf 91' lang='lat'>-—</span> <span class='ocrx_word' id='word_1_27' title='bbox 724 882 846 970; x_wconf 85' lang='lat' dir='ltr'>Unde,</span> <span class='ocrx_word' id='word_1_28' title='bbox 862 907 978 984; x_wconf 91' lang='lat' dir='ltr'>quum</span> <span class='ocrx_word' id='word_1_29' title='bbox 996 884 1077 984; x_wconf 92' lang='lat' dir='ltr'>ejus</span> <span class='ocrx_word' id='word_1_30' title='bbox 1092 888 1259 987; x_wconf 90' lang='lat' dir='ltr'>tempore</span> <span class='ocrx_word' id='word_1_31' title='bbox 1277 886 1416 963; x_wconf 90' lang='lat' dir='ltr'>dubium</span> <span class='ocrx_word' id='word_1_32' title='bbox 1430 911 1489 962; x_wconf 88' lang='lat' dir='ltr'>nun</span> 
     </span>
     <span class='ocr_line' id='line_1_5' title="bbox 374 1019 1488 1125; baseline -0.008 -20"><span class='ocrx_word' id='word_1_33' title='bbox 374 1031 483 1114; x_wconf 88' lang='lat' dir='ltr'>esset,</span> <span class='ocrx_word' id='word_1_34' title='bbox 503 1024 601 1100; x_wconf 88' lang='lat' dir='ltr'>sicut</span> <span class='ocrx_word' id='word_1_35' title='bbox 617 1020 824 1122; x_wconf 75' lang='lat' dir='ltr'>generatim</span> <span class='ocrx_word' id='word_1_36' title='bbox 841 1019 1031 1122; x_wconf 86' lang='lat' dir='ltr'>episcopos</span> <span class='ocrx_word' id='word_1_37' title='bbox 1050 1020 1230 1098; x_wconf 91' lang='lat' dir='ltr'>inlocum</span> <span class='ocrx_word' id='word_1_38' title='bbox 1248 1023 1488 1125; x_wconf 86' lang='lat' dir='ltr'>apostolurum,</span> 
     </span>
     <span class='ocr_line' id='line_1_6' title="bbox 374 1155 1542 1264; baseline -0.005 -26"><span class='ocrx_word' id='word_1_39' title='bbox 374 1164 429 1240; x_wconf 85' lang='lat' dir='ltr'>ita</span> <span class='ocrx_word' id='word_1_40' title='bbox 454 1157 649 1264; x_wconf 79' lang='lat' dir='ltr'>speciatim</span> <span class='ocrx_word' id='word_1_41' title='bbox 675 1156 891 1234; x_wconf 89' lang='lat' dir='ltr'>Romanum</span> <span class='ocrx_word' id='word_1_42' title='bbox 918 1155 1142 1232; x_wconf 86' lang='lat' dir='ltr'>Pontificem</span> <span class='ocrx_word' id='word_1_43' title='bbox 1167 1157 1385 1234; x_wconf 82' lang='lat' dir='ltr'>successisse</span> <span class='ocrx_word' id='word_1_44' title='bbox 1402 1157 1437 1232; x_wconf 95' lang='lat' dir='ltr'>in</span> <span class='ocrx_word' id='word_1_45' title='bbox 1452 1155 1494 1232; x_wconf 80' lang='lat' dir='ltr'>ta</span> <span class='ocrx_word' id='word_1_46' title='bbox 1541 1171 1542 1260; x_wconf 58' lang='lat' dir='ltr'>l</span> 
     </span>
     <span class='ocr_line' id='line_1_7' title="bbox 374 1289 1493 1393; baseline -0.005 -20"><span class='ocrx_word' id='word_1_47' title='bbox 374 1320 461 1373; x_wconf 91' lang='lat' dir='ltr'>cum</span> <span class='ocrx_word' id='word_1_48' title='bbox 483 1292 603 1380; x_wconf 89' lang='lat' dir='ltr'>Petri,</span> <span class='ocrx_word' id='word_1_49' title='bbox 628 1293 758 1393; x_wconf 85' lang='lat' dir='ltr'>sppnte</span> <span class='ocrx_word' id='word_1_50' title='bbox 777 1289 1018 1392; x_wconf 79' lang='lat' dir='ltr'>consequitur</span> <span class='ocrx_word' id='word_1_51' title='bbox 1035 1291 1148 1392; x_wconf 89' lang='lat' dir='ltr'>hujus</span> <span class='ocrx_word' id='word_1_52' title='bbox 1166 1292 1206 1368; x_wconf 92' lang='lat' dir='ltr'>in</span> <span class='ocrx_word' id='word_1_53' title='bbox 1224 1293 1308 1371; x_wconf 87' lang='lat' dir='ltr'>illos</span> <span class='ocrx_word' id='word_1_54' title='bbox 1326 1319 1369 1371; x_wconf 81' lang='lat' dir='ltr'>ex</span> <span class='ocrx_word' id='word_1_55' title='bbox 1384 1293 1493 1368; x_wconf 87' lang='lat' dir='ltr'>divina</span> 
     </span>
     <span class='ocr_line' id='line_1_8' title="bbox 374 1423 1492 1528; baseline -0.003 -23"><span class='ocrx_word' id='word_1_56' title='bbox 374 1427 609 1505; x_wconf 87' lang='lat' dir='ltr'>institutione</span> <span class='ocrx_word' id='word_1_57' title='bbox 626 1423 823 1527; x_wconf 80' lang='lat' dir='ltr'>primatus</span> <span class='ocrx_word' id='word_1_58' title='bbox 846 1425 1038 1500; x_wconf 84' lang='lat' dir='ltr'>Praeterea</span> <span class='ocrx_word' id='word_1_59' title='bbox 1063 1425 1182 1502; x_wconf 88' lang='lat' dir='ltr'>nimia</span> <span class='ocrx_word' id='word_1_60' title='bbox 1207 1425 1289 1504; x_wconf 82' lang='lat' dir='ltr'>haec</span> <span class='ocrx_word' id='word_1_61' title='bbox 1314 1450 1492 1528; x_wconf 83' lang='lat' dir='ltr'>exaggera·</span> 
     </span>
     <span class='ocr_line' id='line_1_9' title="bbox 372 1560 1492 1665; baseline -0.004 -25"><span class='ocrx_word' id='word_1_62' title='bbox 372 1564 474 1641; x_wconf 91' lang='lat' dir='ltr'>tione</span> <span class='ocrx_word' id='word_1_63' title='bbox 489 1561 639 1665; x_wconf 84' lang='lat' dir='ltr'>prolata</span> <span class='ocrx_word' id='word_1_64' title='bbox 657 1563 745 1636; x_wconf 92' lang='lat' dir='ltr'>sunt</span> <span class='ocrx_word' id='word_1_65' title='bbox 766 1584 879 1660; x_wconf 90' lang='lat' dir='ltr'>quam</span> <span class='ocrx_word' id='word_1_66' title='bbox 898 1563 939 1636; x_wconf 92' lang='lat' dir='ltr'>ut</span> <span class='ocrx_word' id='word_1_67' title='bbox 956 1560 1001 1636; x_wconf 90' lang='lat' dir='ltr'>dc</span> <span class='ocrx_word' id='word_1_68' title='bbox 1018 1560 1133 1636; x_wconf 87' lang='lat' dir='ltr'>Petro</span> <span class='ocrx_word' id='word_1_69' title='bbox 1155 1561 1349 1640; x_wconf 85' lang='lat' dir='ltr'>individue</span> <span class='ocrx_word' id='word_1_70' title='bbox 1365 1563 1492 1663; x_wconf 86' lang='lat' dir='ltr'>sumpte</span> 
     </span>
     <span class='ocr_line' id='line_1_10' title="bbox 372 1695 1494 1800; baseline -0.007 -22"><span class='ocrx_word' id='word_1_71' title='bbox 372 1706 408 1778; x_wconf 88' lang='lat' dir='ltr'>et</span> <span class='ocrx_word' id='word_1_72' title='bbox 432 1725 507 1777; x_wconf 86' lang='lat' dir='ltr'>nun</span> <span class='ocrx_word' id='word_1_73' title='bbox 530 1703 725 1800; x_wconf 90' lang='lat' dir='ltr'>tamquam</span> <span class='ocrx_word' id='word_1_74' title='bbox 746 1720 945 1798; x_wconf 90' lang='lat' dir='ltr'>personam</span> <span class='ocrx_word' id='word_1_75' title='bbox 969 1695 1083 1772; x_wconf 89' lang='lat' dir='ltr'>officii</span> <span class='ocrx_word' id='word_1_76' title='bbox 1106 1701 1285 1799; x_wconf 87' lang='lat' dir='ltr'>perpetuo</span> <span class='ocrx_word' id='word_1_77' title='bbox 1304 1699 1343 1774; x_wconf 92' lang='lat' dir='ltr'>in</span> <span class='ocrx_word' id='word_1_78' title='bbox 1358 1695 1494 1774; x_wconf 87' lang='lat' dir='ltr'>ecclesia</span> 
     </span>
     <span class='ocr_line' id='line_1_11' title="bbox 369 1830 1104 1942; baseline -0.011 -27"><span class='ocrx_word' id='word_1_79' title='bbox 369 1834 645 1942; x_wconf 81' lang='lat' dir='ltr'>perseveraturi</span> <span class='ocrx_word' id='word_1_80' title='bbox 664 1837 815 1934; x_wconf 86' lang='lat' dir='ltr'>gerente</span> <span class='ocrx_word' id='word_1_81' title='bbox 832 1830 1104 1932; x_wconf 85' lang='lat' dir='ltr'>intelligantur.</span> 
     </span>
    </p>
   </div>
   <div class='ocr_carea' id='block_1_3' title="bbox 369 1991 1493 2246">
    <p class='ocr_par' dir='ltr' id='par_1_3' title="bbox 369 1991 1493 2246">
     <span class='ocr_line' id='line_1_12' title="bbox 418 1991 1493 2078; baseline -0.009 -2"><span class='ocrx_word' id='word_1_82' title='bbox 418 2013 459 2076; x_wconf 90' lang='lat'>4.</span> <span class='ocrx_word' id='word_1_83' title='bbox 481 2001 781 2078; x_wconf 81' lang='lat' dir='ltr'>Tennunnmuus</span> <span class='ocrx_word' id='word_1_84' title='bbox 798 2025 836 2072; x_wconf 82' lang='lat' dir='ltr'>a.</span> <span class='ocrx_word' id='word_1_85' title='bbox 860 1992 946 2069; x_wconf 87' lang='lat' dir='ltr'>Nun</span> <span class='ocrx_word' id='word_1_86' title='bbox 967 1991 1080 2067; x_wconf 90' lang='lat' dir='ltr'>semel</span> <span class='ocrx_word' id='word_1_87' title='bbox 1103 1991 1284 2070; x_wconf 87' lang='lat' dir='ltr'>indicavit</span> <span class='ocrx_word' id='word_1_88' title='bbox 1305 1996 1414 2071; x_wconf 88' lang='lat' dir='ltr'>Petro</span> <span class='ocrx_word' id='word_1_89' title='bbox 1434 1993 1493 2069; x_wconf 93' lang='lat' dir='ltr'>sin-</span> 
     </span>
     <span class='ocr_line' id='line_1_13' title="bbox 369 2125 1492 2246; baseline -0.014 -28"><span class='ocrx_word' id='word_1_90' title='bbox 369 2137 553 2246; x_wconf 83' lang='lat' dir='ltr'>gulariter</span> <span class='ocrx_word' id='word_1_91' title='bbox 571 2157 594 2209; x_wconf 91' lang='lat' dir='ltr'>a</span> <span class='ocrx_word' id='word_1_92' title='bbox 616 2128 776 2206; x_wconf 90' lang='lat' dir='ltr'>Domino</span> <span class='ocrx_word' id='word_1_93' title='bbox 794 2125 950 2204; x_wconf 85' lang='lat' dir='ltr'>collatas</span> <span class='ocrx_word' id='word_1_94' title='bbox 968 2151 1047 2202; x_wconf 90' lang='lat' dir='ltr'>esse</span> <span class='ocrx_word' id='word_1_95' title='bbox 1064 2126 1188 2204; x_wconf 88' lang='lat' dir='ltr'>claves</span> <span class='ocrx_word' id='word_1_96' title='bbox 1207 2129 1314 2230; x_wconf 85' lang='lat' dir='ltr'>regni</span> <span class='ocrx_word' id='word_1_97' title='bbox 1332 2129 1492 2206; x_wconf 86' lang='lat' dir='ltr'>caelorum</span> 
     </span>
    </p>
   </div>
   <div class='ocr_carea' id='block_1_4' title="bbox 361 2375 964 4408">
    <p class='ocr_par' dir='ltr' id='par_1_4' title="bbox 364 2375 964 2985">
     <span class='ocr_line' id='line_1_14' title="bbox 368 2375 964 2451; baseline -0.034 -6"><span class='ocrx_word' id='word_1_98' title='bbox 368 2392 462 2444; x_wconf 89' lang='lat' dir='ltr'>nuitur</span> <span class='ocrx_word' id='word_1_99' title='bbox 473 2387 513 2438; x_wconf 86' lang='lat' dir='ltr'>vis</span> <span class='ocrx_word' id='word_1_100' title='bbox 525 2381 681 2451; x_wconf 85' lang='lat' dir='ltr'>argumenti</span> <span class='ocrx_word' id='word_1_101' title='bbox 693 2393 726 2428; x_wconf 80' lang='lat' dir='ltr'>ex</span> <span class='ocrx_word' id='word_1_102' title='bbox 735 2392 767 2430; x_wconf 90' lang='lat' dir='ltr'>eo</span> <span class='ocrx_word' id='word_1_103' title='bbox 779 2375 917 2441; x_wconf 83' lang='lat' dir='ltr'>desumpti</span> <span class='ocrx_word' id='word_1_104' title='bbox 953 2399 964 2415; x_wconf 61' lang='lat' dir='ltr'>n</span> 
     </span>
     <span class='ocr_line' id='line_1_15' title="bbox 366 2471 964 2545; baseline -0.027 -13"><span class='ocrx_word' id='word_1_105' title='bbox 366 2480 440 2545; x_wconf 89' lang='lat' dir='ltr'>quod</span> <span class='ocrx_word' id='word_1_106' title='bbox 460 2493 493 2530; x_wconf 82' lang='lat' dir='ltr'>ex</span> <span class='ocrx_word' id='word_1_107' title='bbox 515 2490 571 2527; x_wconf 85' lang='lat' dir='ltr'>una</span> <span class='ocrx_word' id='word_1_108' title='bbox 593 2474 672 2539; x_wconf 86' lang='lat' dir='ltr'>parte</span> <span class='ocrx_word' id='word_1_109' title='bbox 694 2471 809 2536; x_wconf 81' lang='lat' dir='ltr'>petram,</span> <span class='ocrx_word' id='word_1_110' title='bbox 834 2479 919 2532; x_wconf 86' lang='lat' dir='ltr'>super</span> <span class='ocrx_word' id='word_1_111' title='bbox 952 2489 964 2508; x_wconf 64' lang='grc' dir='ltr'>κ</span> 
     </span>
     <span class='ocr_line' id='line_1_16' title="bbox 365 2557 964 2633; baseline -0.023 -12"><span class='ocrx_word' id='word_1_112' title='bbox 365 2566 590 2633; x_wconf 77' lang='lat' dir='ltr'>quemchristus</span> <span class='ocrx_word' id='word_1_113' title='bbox 609 2560 756 2614; x_wconf 80' lang='lat' dir='ltr'>aedificavit</span> <span class='ocrx_word' id='word_1_114' title='bbox 771 2557 917 2609; x_wconf 84' lang='lat' dir='ltr'>ecclesiam</span> <span class='ocrx_word' id='word_1_115' title='bbox 953 2579 964 2598; x_wconf 64' lang='lat' dir='ltr'>a</span> 
     </span>
     <span class='ocr_line' id='line_1_17' title="bbox 365 2650 963 2714; baseline -0.017 -7"><span class='ocrx_word' id='word_1_116' title='bbox 365 2669 454 2714; x_wconf 85' lang='lat' dir='ltr'>suam,</span> <span class='ocrx_word' id='word_1_117' title='bbox 466 2651 581 2704; x_wconf 89' lang='lat' dir='ltr'>litterali</span> <span class='ocrx_word' id='word_1_118' title='bbox 590 2663 673 2702; x_wconf 85' lang='lat' dir='ltr'>sensu</span> <span class='ocrx_word' id='word_1_119' title='bbox 682 2650 772 2713; x_wconf 88' lang='lat' dir='ltr'>ipsum</span> <span class='ocrx_word' id='word_1_120' title='bbox 781 2660 841 2699; x_wconf 87' lang='lat' dir='ltr'>esse</span> <span class='ocrx_word' id='word_1_121' title='bbox 850 2659 915 2711; x_wconf 88' lang='lat' dir='ltr'>apo·</span> <span class='ocrx_word' id='word_1_122' title='bbox 951 2669 963 2687; x_wconf 63' lang='grc' dir='ltr'>ν</span> 
     </span>
     <span class='ocr_line' id='line_1_18' title="bbox 367 2739 963 2803; baseline -0.015 -4"><span class='ocrx_word' id='word_1_123' title='bbox 367 2746 469 2799; x_wconf 85' lang='lat' dir='ltr'>stolum</span> <span class='ocrx_word' id='word_1_124' title='bbox 481 2744 605 2803; x_wconf 87' lang='lat' dir='ltr'>Petrum,</span> <span class='ocrx_word' id='word_1_125' title='bbox 618 2755 651 2791; x_wconf 81' lang='lat' dir='ltr'>ex</span> <span class='ocrx_word' id='word_1_126' title='bbox 663 2739 719 2790; x_wconf 85' lang='lat' dir='ltr'>alia</span> <span class='ocrx_word' id='word_1_127' title='bbox 734 2752 807 2801; x_wconf 84' lang='lat' dir='ltr'>vero,</span> <span class='ocrx_word' id='word_1_128' title='bbox 821 2739 916 2791; x_wconf 86' lang='lat' dir='ltr'>adver.-</span> <span class='ocrx_word' id='word_1_129' title='bbox 952 2761 963 2778; x_wconf 58' lang='grc' dir='ltr'>ν</span> 
     </span>
     <span class='ocr_line' id='line_1_19' title="bbox 365 2827 915 2896; baseline -0.016 -10"><span class='ocrx_word' id='word_1_130' title='bbox 365 2850 413 2886; x_wconf 85' lang='lat' dir='ltr'>sus</span> <span class='ocrx_word' id='word_1_131' title='bbox 425 2836 496 2886; x_wconf 86' lang='lat' dir='ltr'>hane</span> <span class='ocrx_word' id='word_1_132' title='bbox 509 2834 615 2896; x_wconf 86' lang='lat' dir='ltr'>petram</span> <span class='ocrx_word' id='word_1_133' title='bbox 632 2843 780 2892; x_wconf 86' lang='lat' dir='ltr'>numquam</span> <span class='ocrx_word' id='word_1_134' title='bbox 793 2827 915 2893; x_wconf 72' lang='lat' dir='ltr'>praevali-</span> 
     </span>
     <span class='ocr_line' id='line_1_20' title="bbox 364 2919 778 2985; baseline -0.022 -9"><span class='ocrx_word' id='word_1_135' title='bbox 364 2925 442 2976; x_wconf 84' lang='lat' dir='ltr'>turas</span> <span class='ocrx_word' id='word_1_136' title='bbox 453 2921 534 2972; x_wconf 86' lang='lat' dir='ltr'>interi</span> <span class='ocrx_word' id='word_1_137' title='bbox 545 2921 639 2985; x_wconf 84' lang='lat' dir='ltr'>portas</span> <span class='ocrx_word' id='word_1_138' title='bbox 650 2919 778 2970; x_wconf 83' lang='lat' dir='ltr'>affirmat.</span> 
     </span>
    </p>

    <p class='ocr_par' dir='ltr' id='par_1_5' title="bbox 361 3008 962 4408">
     <span class='ocr_line' id='line_1_21' title="bbox 398 3008 962 3076; baseline -0.012 -12"><span class='ocrx_word' id='word_1_139' title='bbox 398 3015 428 3076; x_wconf 89' lang='grc' dir='ltr'>(ι)</span> <span class='ocrx_word' id='word_1_140' title='bbox 456 3013 501 3064; x_wconf 90' lang='lat' dir='ltr'>Sic</span> <span class='ocrx_word' id='word_1_141' title='bbox 529 3015 595 3065; x_wconf 88' lang='lat' dir='ltr'>tom.</span> <span class='ocrx_word' id='word_1_142' title='bbox 622 3023 676 3062; x_wconf 82' lang='lat' dir='ltr'>xiv.</span> <span class='ocrx_word' id='word_1_143' title='bbox 708 3008 858 3060; x_wconf 77' lang='lat' dir='ltr'>Commeat.</span> <span class='ocrx_word' id='word_1_144' title='bbox 885 3011 914 3058; x_wconf 82' lang='lat' dir='ltr'>tn</span> <span class='ocrx_word' id='word_1_145' title='bbox 949 3032 962 3049; x_wconf 60' lang='lat' dir='ltr'><strong>w</strong></span> 
     </span>
     <span class='ocr_line' id='line_1_22' title="bbox 363 3097 959 3160; baseline -0.01 -7"><span class='ocrx_word' id='word_1_146' title='bbox 363 3102 463 3154; x_wconf 74' lang='lat' dir='ltr'>lsuttb.</span> <span class='ocrx_word' id='word_1_147' title='bbox 477 3115 503 3152; x_wconf 94' lang='lat' dir='ltr'>n.</span> <span class='ocrx_word' id='word_1_148' title='bbox 521 3103 550 3152; x_wconf 82' lang='lat' dir='ltr'>al</span> <span class='ocrx_word' id='word_1_149' title='bbox 565 3117 571 3150; x_wconf 73' lang='grc' dir='ltr'>ε</span> <span class='ocrx_word' id='word_1_150' title='bbox 587 3125 599 3142; x_wconf 84' lang='lat'>..</span> <span class='ocrx_word' id='word_1_151' title='bbox 612 3100 713 3150; x_wconf 89' lang='lat' dir='ltr'>Varum</span> <span class='ocrx_word' id='word_1_152' title='bbox 728 3111 789 3160; x_wconf 88' lang='lat' dir='ltr'>quae</span> <span class='ocrx_word' id='word_1_153' title='bbox 801 3099 849 3148; x_wconf 93' lang='lat' dir='ltr'>uni</span> <span class='ocrx_word' id='word_1_154' title='bbox 861 3097 913 3148; x_wconf 90' lang='lat' dir='ltr'>Pe·</span> <span class='ocrx_word' id='word_1_155' title='bbox 948 3119 959 3136; x_wconf 58' lang='grc' dir='ltr'>ν</span> 
     </span>
     <span class='ocr_line' id='line_1_23' title="bbox 365 3186 914 3254; baseline -0.013 -12"><span class='ocrx_word' id='word_1_156' title='bbox 365 3215 377 3230; x_wconf 82' lang='lat'><em>·</em></span> <span class='ocrx_word' id='word_1_157' title='bbox 390 3194 434 3242; x_wconf 91' lang='lat' dir='ltr'>tro</span> <span class='ocrx_word' id='word_1_158' title='bbox 446 3204 530 3254; x_wconf 88' lang='lat' dir='ltr'>supra</span> <span class='ocrx_word' id='word_1_159' title='bbox 541 3201 673 3240; x_wconf 86' lang='lat' dir='ltr'>concessa</span> <span class='ocrx_word' id='word_1_160' title='bbox 684 3188 757 3246; x_wconf 88' lang='lat' dir='ltr'>sunt,</span> <span class='ocrx_word' id='word_1_161' title='bbox 770 3187 815 3236; x_wconf 84' lang='lat' dir='ltr'>liic</span> <span class='ocrx_word' id='word_1_162' title='bbox 825 3186 914 3238; x_wconf 89' lang='lat' dir='ltr'>omni-</span> 
     </span>
     <span class='ocr_line' id='line_1_24' title="bbox 365 3275 960 3344; baseline -0.01 -12"><span class='ocrx_word' id='word_1_163' title='bbox 365 3305 377 3323; x_wconf 64' lang='lat' dir='ltr'><em>n</em></span> <span class='ocrx_word' id='word_1_164' title='bbox 391 3283 442 3332; x_wconf 86' lang='lat' dir='ltr'>bus</span> <span class='ocrx_word' id='word_1_165' title='bbox 461 3292 570 3344; x_wconf 88' lang='lat' dir='ltr'>quoque</span> <span class='ocrx_word' id='word_1_166' title='bbox 592 3278 698 3328; x_wconf 84' lang='lat' dir='ltr'>videtur</span> <span class='ocrx_word' id='word_1_167' title='bbox 716 3277 847 3328; x_wconf 83' lang='lat' dir='ltr'>tribuisse</span> <span class='ocrx_word' id='word_1_168' title='bbox 865 3275 913 3339; x_wconf 81' lang='lat' dir='ltr'>qui</span> <span class='ocrx_word' id='word_1_169' title='bbox 948 3297 960 3316; x_wconf 70' lang='grc' dir='ltr'>ι·</span> 
     </span>
     <span class='ocr_line' id='line_1_25' title="bbox 365 3365 961 3434; baseline -0.012 -12"><span class='ocrx_word' id='word_1_170' title='bbox 365 3395 377 3414; x_wconf 77' lang='lat'><strong><em>„</em></strong></span> <span class='ocrx_word' id='word_1_171' title='bbox 391 3371 549 3434; x_wconf 85' lang='lat' dir='ltr'>peccateres</span> <span class='ocrx_word' id='word_1_172' title='bbox 563 3367 701 3430; x_wconf 82' lang='lat' dir='ltr'>quoslibet</span> <span class='ocrx_word' id='word_1_173' title='bbox 716 3369 758 3418; x_wconf 86' lang='lat' dir='ltr'>ter</span> <span class='ocrx_word' id='word_1_174' title='bbox 772 3365 913 3430; x_wconf 85' lang='lat' dir='ltr'>corripue-</span> <span class='ocrx_word' id='word_1_175' title='bbox 949 3387 961 3405; x_wconf 63' lang='lat' dir='ltr'>w</span> 
     </span>
     <span class='ocr_line' id='line_1_26' title="bbox 365 3457 961 3520; baseline -0.01 -10"><span class='ocrx_word' id='word_1_176' title='bbox 365 3483 377 3501; x_wconf 68' lang='lat' dir='ltr'>n</span> <span class='ocrx_word' id='word_1_177' title='bbox 390 3460 456 3520; x_wconf 86' lang='lat' dir='ltr'>rint,</span> <span class='ocrx_word' id='word_1_178' title='bbox 468 3461 499 3509; x_wconf 90' lang='lat' dir='ltr'>ut</span> <span class='ocrx_word' id='word_1_179' title='bbox 514 3459 538 3508; x_wconf 84' lang='lat' dir='ltr'>ai</span> <span class='ocrx_word' id='word_1_180' title='bbox 556 3472 614 3509; x_wconf 88' lang='lat' dir='ltr'>mos</span> <span class='ocrx_word' id='word_1_181' title='bbox 627 3457 660 3506; x_wconf 85' lang='lat' dir='ltr'>iis</span> <span class='ocrx_word' id='word_1_182' title='bbox 676 3457 771 3520; x_wconf 86' lang='lat' dir='ltr'>gestus</span> <span class='ocrx_word' id='word_1_183' title='bbox 788 3468 843 3505; x_wconf 93' lang='lat' dir='ltr'>non</span> <span class='ocrx_word' id='word_1_184' title='bbox 856 3457 913 3505; x_wconf 81' lang='lat' dir='ltr'>tire-</span> <span class='ocrx_word' id='word_1_185' title='bbox 948 3479 961 3496; x_wconf 73' lang='grc' dir='ltr'>ι·</span> 
     </span>
     <span class='ocr_line' id='line_1_27' title="bbox 365 3544 913 3611; baseline -0.007 -14"><span class='ocrx_word' id='word_1_186' title='bbox 365 3571 377 3590; x_wconf 67' lang='lat' dir='ltr'>n</span> <span class='ocrx_word' id='word_1_187' title='bbox 391 3548 437 3610; x_wconf 87' lang='lat' dir='ltr'>rit,</span> <span class='ocrx_word' id='word_1_188' title='bbox 450 3561 535 3611; x_wconf 82' lang='lat' dir='ltr'>supra</span> <span class='ocrx_word' id='word_1_189' title='bbox 549 3549 652 3597; x_wconf 86' lang='lat' dir='ltr'>terram</span> <span class='ocrx_word' id='word_1_190' title='bbox 664 3558 726 3595; x_wconf 87' lang='lat' dir='ltr'>curn</span> <span class='ocrx_word' id='word_1_191' title='bbox 739 3544 855 3608; x_wconf 85' lang='lat' dir='ltr'>alligent</span> <span class='ocrx_word' id='word_1_192' title='bbox 866 3544 913 3606; x_wconf 89' lang='lat' dir='ltr'>qni</span> 
     </span>
     <span class='ocr_line' id='line_1_28' title="bbox 365 3633 912 3703; baseline -0.013 -14"><span class='ocrx_word' id='word_1_193' title='bbox 365 3661 377 3680; x_wconf 67' lang='lat' dir='ltr'>n</span> <span class='ocrx_word' id='word_1_194' title='bbox 391 3639 421 3688; x_wconf 91' lang='lat' dir='ltr'>ut</span> <span class='ocrx_word' id='word_1_195' title='bbox 429 3651 480 3703; x_wconf 92' lang='lat' dir='ltr'>pro</span> <span class='ocrx_word' id='word_1_196' title='bbox 492 3637 601 3688; x_wconf 83' lang='lat' dir='ltr'>ethnico</span> <span class='ocrx_word' id='word_1_197' title='bbox 614 3637 641 3686; x_wconf 88' lang='lat' dir='ltr'>et</span> <span class='ocrx_word' id='word_1_198' title='bbox 653 3633 800 3699; x_wconf 87' lang='lat' dir='ltr'>publicano</span> <span class='ocrx_word' id='word_1_199' title='bbox 812 3634 912 3698; x_wconf 87' lang='lat' dir='ltr'>dignus</span> 
     </span>
     <span class='ocr_line' id='line_1_29' title="bbox 364 3725 961 3790; baseline -0.007 -11"><span class='ocrx_word' id='word_1_200' title='bbox 364 3751 377 3769; x_wconf 57' lang='lat' dir='ltr'><strong>w</strong></span> <span class='ocrx_word' id='word_1_201' title='bbox 390 3729 540 3779; x_wconf 82' lang='lat' dir='ltr'>haberetur</span> <span class='ocrx_word' id='word_1_202' title='bbox 547 3725 688 3790; x_wconf 84' lang='lat' dir='ltr'>judicatus</span> <span class='ocrx_word' id='word_1_203' title='bbox 703 3727 755 3787; x_wconf 87' lang='lat' dir='ltr'>est,</span> <span class='ocrx_word' id='word_1_204' title='bbox 767 3738 830 3774; x_wconf 89' lang='lat' dir='ltr'>cum</span> <span class='ocrx_word' id='word_1_205' title='bbox 843 3727 872 3775; x_wconf 88' lang='lat' dir='ltr'>et</span> <span class='ocrx_word' id='word_1_206' title='bbox 885 3725 913 3775; x_wconf 90' lang='lat' dir='ltr'>in</span> <span class='ocrx_word' id='word_1_207' title='bbox 948 3749 961 3765; x_wconf 83' lang='lat'>··</span> 
     </span>
     <span class='ocr_line' id='line_1_30' title="bbox 364 3814 958 3882; baseline -0.003 -14"><span class='ocrx_word' id='word_1_208' title='bbox 364 3817 460 3868; x_wconf 76' lang='lat' dir='ltr'>-coelo</span> <span class='ocrx_word' id='word_1_209' title='bbox 487 3816 618 3881; x_wconf 86' lang='lat' dir='ltr'>alligatus</span> <span class='ocrx_word' id='word_1_210' title='bbox 644 3815 691 3867; x_wconf 89' lang='lat' dir='ltr'>ille</span> <span class='ocrx_word' id='word_1_211' title='bbox 719 3816 756 3866; x_wconf 91' lang='lat' dir='ltr'>sit</span> <span class='ocrx_word' id='word_1_212' title='bbox 784 3814 909 3882; x_wconf 78' lang='lat' dir='ltr'>[Marna.</span> <span class='ocrx_word' id='word_1_213' title='bbox 946 3839 958 3854; x_wconf 84' lang='lat'>·=</span> 
     </span>
     <span class='ocr_line' id='line_1_31' title="bbox 363 3905 958 3972; baseline -0.002 -14"><span class='ocrx_word' id='word_1_214' title='bbox 363 3931 376 3950; x_wconf 65' lang='lat' dir='ltr'>n</span> <span class='ocrx_word' id='word_1_215' title='bbox 389 3920 463 3958; x_wconf 79' lang='lat' dir='ltr'>xvim.</span> <span class='ocrx_word' id='word_1_216' title='bbox 485 3908 579 3972; x_wconf 78' lang='lat'>15-18].</span> <span class='ocrx_word' id='word_1_217' title='bbox 596 3909 632 3958; x_wconf 73' lang='grc' dir='ltr'>Αἱ</span> <span class='ocrx_word' id='word_1_218' title='bbox 654 3906 782 3970; x_wconf 87' lang='lat' dir='ltr'>quoniam</span> <span class='ocrx_word' id='word_1_219' title='bbox 802 3905 911 3970; x_wconf 79' lang='lat' dir='ltr'>praeite</span> <span class='ocrx_word' id='word_1_220' title='bbox 946 3930 958 3948; x_wconf 64' lang='grc' dir='ltr'>ι</span> 
     </span>
     <span class='ocr_line' id='line_1_32' title="bbox 363 3995 962 4062; baseline 0 -16"><span class='ocrx_word' id='word_1_221' title='bbox 363 3995 915 4062; x_wconf 79' lang='lat' dir='ltr'>·quiterarguerunt.peculiarealiquid</span> <span class='ocrx_word' id='word_1_222' title='bbox 950 4019 962 4036; x_wconf 63' lang='lat' dir='ltr'>w</span> 
     </span>
     <span class='ocr_line' id='line_1_33' title="bbox 363 4088 958 4152; baseline 0.002 -14"><span class='ocrx_word' id='word_1_223' title='bbox 363 4089 471 4139; x_wconf 80' lang='lat' dir='ltr'>-Petro</span> <span class='ocrx_word' id='word_1_224' title='bbox 486 4089 571 4139; x_wconf 86' lang='lat' dir='ltr'>tribui</span> <span class='ocrx_word' id='word_1_225' title='bbox 587 4089 740 4152; x_wconf 83' lang='lat' dir='ltr'>oportebat,</span> <span class='ocrx_word' id='word_1_226' title='bbox 752 4088 860 4139; x_wconf 85' lang='lat' dir='ltr'>etiamsi</span> <span class='ocrx_word' id='word_1_227' title='bbox 877 4088 911 4139; x_wconf 90' lang='lat' dir='ltr'>de</span> <span class='ocrx_word' id='word_1_228' title='bbox 946 4110 958 4130; x_wconf 69' lang='lat' dir='ltr'>w</span> 
     </span>
     <span class='ocr_line' id='line_1_34' title="bbox 363 4167 956 4242; baseline 0.003 -14"><span class='ocrx_word' id='word_1_229' title='bbox 363 4177 471 4228; x_wconf 75' lang='lat' dir='ltr'>-Petro</span> <span class='ocrx_word' id='word_1_230' title='bbox 487 4181 515 4228; x_wconf 85' lang='lat' dir='ltr'>at</span> <span class='ocrx_word' id='word_1_231' title='bbox 530 4177 577 4240; x_wconf 86' lang='lat' dir='ltr'>qui</span> <span class='ocrx_word' id='word_1_232' title='bbox 589 4180 632 4229; x_wconf 86' lang='lat' dir='ltr'>ter</span> <span class='ocrx_word' id='word_1_233' title='bbox 650 4180 748 4229; x_wconf 71' lang='lat' dir='ltr'>tratres</span> <span class='ocrx_word' id='word_1_234' title='bbox 760 4167 911 4242; x_wconf 84' lang='lat' dir='ltr'>arguerunt</span> <span class='ocrx_word' id='word_1_235' title='bbox 945 4201 956 4214; x_wconf 65' lang='lat' dir='ltr'>r</span> 
     </span>
     <span class='ocr_line' id='line_1_35' title="bbox 363 4265 959 4330; baseline 0 -14"><span class='ocrx_word' id='word_1_236' title='bbox 363 4280 533 4318; x_wconf 78' lang='lat' dir='ltr'>-commune</span> <span class='ocrx_word' id='word_1_237' title='bbox 553 4265 656 4329; x_wconf 87' lang='lat' dir='ltr'>aliquid</span> <span class='ocrx_word' id='word_1_238' title='bbox 674 4267 778 4318; x_wconf 87' lang='lat' dir='ltr'>dictum</span> <span class='ocrx_word' id='word_1_239' title='bbox 794 4267 839 4324; x_wconf 83' lang='lat' dir='ltr'>sit,</span> <span class='ocrx_word' id='word_1_240' title='bbox 860 4267 914 4330; x_wconf 84' lang='lat' dir='ltr'>pri·</span> <span class='ocrx_word' id='word_1_241' title='bbox 947 4289 959 4308; x_wconf 71' lang='lat' dir='ltr'>v·</span> 
     </span>
     <span class='ocr_line' id='line_1_36' title="bbox 361 4356 958 4408; baseline 0.005 -5"><span class='ocrx_word' id='word_1_242' title='bbox 361 4381 374 4398; x_wconf 59' lang='grc' dir='ltr'>ι</span> <span class='ocrx_word' id='word_1_243' title='bbox 386 4357 470 4408; x_wconf 81' lang='lat' dir='ltr'>ratim</span> <span class='ocrx_word' id='word_1_244' title='bbox 486 4356 553 4408; x_wconf 92' lang='lat' dir='ltr'>illud</span> <span class='ocrx_word' id='word_1_245' title='bbox 573 4357 657 4408; x_wconf 81' lang='lat' dir='ltr'>Petro</span> <span class='ocrx_word' id='word_1_246' title='bbox 673 4357 836 4408; x_wconf 85' lang='lat' dir='ltr'>attributum</span> <span class='ocrx_word' id='word_1_247' title='bbox 849 4359 910 4408; x_wconf 86' lang='lat' dir='ltr'>est:</span> <span class='ocrx_word' id='word_1_248' title='bbox 947 4379 958 4394; x_wconf 83' lang='lat'><strong>·</strong></span> 
     </span>
    </p>
   </div>
   <div class='ocr_carea' id='block_1_5' title="bbox 363 4445 965 4511">
    <p class='ocr_par' dir='ltr' id='par_1_6' title="bbox 363 4445 965 4511">
     <span class='ocr_line' id='line_1_37' title="bbox 363 4445 965 4511; baseline 0.002 -14"><span class='ocrx_word' id='word_1_249' title='bbox 363 4470 375 4482; x_wconf 91' lang='lat'>·</span> <span class='ocrx_word' id='word_1_250' title='bbox 389 4446 467 4498; x_wconf 86' lang='lat' dir='ltr'>Dabo</span> <span class='ocrx_word' id='word_1_251' title='bbox 487 4446 536 4497; x_wconf 88' lang='lat' dir='ltr'>tibi</span> <span class='ocrx_word' id='word_1_252' title='bbox 559 4445 649 4499; x_wconf 79' lang='lat' dir='ltr'>clares</span> <span class='ocrx_word' id='word_1_253' title='bbox 671 4447 750 4511; x_wconf 87' lang='lat' dir='ltr'>regni</span> <span class='ocrx_word' id='word_1_254' title='bbox 768 4447 911 4498; x_wconf 83' lang='lat' dir='ltr'>coelorum.</span> <span class='ocrx_word' id='word_1_255' title='bbox 946 4449 965 4498; x_wconf 90' lang='lat' dir='ltr'>t.</span> 
     </span>
    </p>
   </div>
   <div class='ocr_carea' id='block_1_6' title="bbox 977 2375 1492 2716">
    <p class='ocr_par' dir='ltr' id='par_1_7' title="bbox 977 2375 1492 2716">
     <span class='ocr_line' id='line_1_38' title="bbox 978 2375 1490 2443; baseline 0 -17"><span class='ocrx_word' id='word_1_256' title='bbox 978 2377 1055 2441; x_wconf 86' lang='lat' dir='ltr'>prius</span> <span class='ocrx_word' id='word_1_257' title='bbox 1069 2389 1149 2438; x_wconf 88' lang='lat' dir='ltr'>quam</span> <span class='ocrx_word' id='word_1_258' title='bbox 1160 2375 1228 2426; x_wconf 90' lang='lat' dir='ltr'>illud</span> <span class='ocrx_word' id='word_1_259' title='bbox 1242 2394 1247 2424; x_wconf 93' lang='lat'><strong>:</strong></span> <span class='ocrx_word' id='word_1_260' title='bbox 1259 2377 1436 2443; x_wconf 85' lang='lat' dir='ltr'>Quoecumque</span> <span class='ocrx_word' id='word_1_261' title='bbox 1446 2377 1490 2429; x_wconf 87' lang='lat' dir='ltr'>alli·</span> 
     </span>
     <span class='ocr_line' id='line_1_39' title="bbox 977 2467 1490 2532; baseline 0.01 -16"><span class='ocrx_word' id='word_1_262' title='bbox 977 2467 1106 2532; x_wconf 77' lang='lat' dir='ltr'>geraritis</span> <span class='ocrx_word' id='word_1_263' title='bbox 1123 2481 1207 2530; x_wconf 89' lang='lat' dir='ltr'>super</span> <span class='ocrx_word' id='word_1_264' title='bbox 1221 2468 1336 2530; x_wconf 83' lang='lat' dir='ltr'>terram,</span> <span class='ocrx_word' id='word_1_265' title='bbox 1354 2474 1381 2523; x_wconf 86' lang='lat' dir='ltr'>et</span> <span class='ocrx_word' id='word_1_266' title='bbox 1399 2473 1490 2522; x_wconf 71' lang='lat' dir='ltr'>catera.</span> 
     </span>
     <span class='ocr_line' id='line_1_40' title="bbox 978 2558 1492 2626; baseline 0.008 -18"><span class='ocrx_word' id='word_1_267' title='bbox 978 2559 1017 2608; x_wconf 84' lang='lat' dir='ltr'>Ac</span> <span class='ocrx_word' id='word_1_268' title='bbox 1038 2571 1104 2608; x_wconf 88' lang='lat' dir='ltr'>sane</span> <span class='ocrx_word' id='word_1_269' title='bbox 1128 2558 1153 2608; x_wconf 89' lang='lat' dir='ltr'>si</span> <span class='ocrx_word' id='word_1_270' title='bbox 1176 2558 1211 2608; x_wconf 88' lang='lat' dir='ltr'>ad</span> <span class='ocrx_word' id='word_1_271' title='bbox 1229 2561 1388 2626; x_wconf 82' lang='lat' dir='ltr'>evangelica</span> <span class='ocrx_word' id='word_1_272' title='bbox 1406 2563 1492 2626; x_wconf 85' lang='lat' dir='ltr'>scripta</span> 
     </span>
     <span class='ocr_line' id='line_1_41' title="bbox 977 2646 1490 2716; baseline 0.006 -20"><span class='ocrx_word' id='word_1_273' title='bbox 977 2646 1099 2697; x_wconf 87' lang='lat' dir='ltr'>animum</span> <span class='ocrx_word' id='word_1_274' title='bbox 1111 2647 1259 2712; x_wconf 86' lang='lat' dir='ltr'>diligenter</span> <span class='ocrx_word' id='word_1_275' title='bbox 1275 2651 1448 2716; x_wconf 79' lang='lat' dir='ltr'>appellamus,</span> <span class='ocrx_word' id='word_1_276' title='bbox 1460 2652 1490 2701; x_wconf 82' lang='lat' dir='ltr'>ibi</span> 
     </span>
    </p>
   </div>
   <div class='ocr_carea' id='block_1_7' title="bbox 949 2739 1544 2981">
    <p class='ocr_par' dir='ltr' id='par_1_8' title="bbox 949 2739 1544 2981">
     <span class='ocr_line' id='line_1_42' title="bbox 977 2739 1544 2803; baseline 0.002 -15"><span class='ocrx_word' id='word_1_277' title='bbox 977 2752 1108 2803; x_wconf 86' lang='lat' dir='ltr'>magnum</span> <span class='ocrx_word' id='word_1_278' title='bbox 1129 2739 1298 2792; x_wconf 79' lang='lat' dir='ltr'>inveniemus</span> <span class='ocrx_word' id='word_1_279' title='bbox 1319 2743 1456 2795; x_wconf 89' lang='lat' dir='ltr'>discrimen</span> <span class='ocrx_word' id='word_1_280' title='bbox 1471 2745 1491 2792; x_wconf 86' lang='lat' dir='ltr'>et</span> <span class='ocrx_word' id='word_1_281' title='bbox 1543 2743 1544 2790; x_wconf 56' lang='lat' dir='ltr'>l</span> 
     </span>
     <span class='ocr_line' id='line_1_43' title="bbox 952 2828 1492 2898; baseline 0.007 -19"><span class='ocrx_word' id='word_1_282' title='bbox 952 2850 964 2864; x_wconf 85' lang='lat'>··</span> <span class='ocrx_word' id='word_1_283' title='bbox 978 2828 1168 2880; x_wconf 82' lang='lat' dir='ltr'>excellentiam</span> <span class='ocrx_word' id='word_1_284' title='bbox 1176 2843 1271 2881; x_wconf 86' lang='lat' dir='ltr'>eorum</span> <span class='ocrx_word' id='word_1_285' title='bbox 1284 2847 1345 2895; x_wconf 83' lang='lat' dir='ltr'>qnae</span> <span class='ocrx_word' id='word_1_286' title='bbox 1358 2834 1436 2886; x_wconf 78' lang='lat' dir='ltr'>Petro</span> <span class='ocrx_word' id='word_1_287' title='bbox 1446 2847 1492 2898; x_wconf 74' lang='lat' dir='ltr'>praa</span> 
     </span>
     <span class='ocr_line' id='line_1_44' title="bbox 949 2917 1491 2981; baseline 0.004 -13"><span class='ocrx_word' id='word_1_288' title='bbox 949 2940 961 2956; x_wconf 63' lang='lat' dir='ltr'><em>v</em></span> <span class='ocrx_word' id='word_1_289' title='bbox 976 2918 1010 2968; x_wconf 87' lang='lat' dir='ltr'>iis</span> <span class='ocrx_word' id='word_1_290' title='bbox 1029 2932 1090 2980; x_wconf 84' lang='lat' dir='ltr'>quae</span> <span class='ocrx_word' id='word_1_291' title='bbox 1106 2917 1169 2968; x_wconf 87' lang='lat' dir='ltr'>aliis</span> <span class='ocrx_word' id='word_1_292' title='bbox 1191 2919 1265 2970; x_wconf 87' lang='lat' dir='ltr'>dicta</span> <span class='ocrx_word' id='word_1_293' title='bbox 1288 2923 1362 2981; x_wconf 82' lang='lat' dir='ltr'>aunt.</span> <span class='ocrx_word' id='word_1_294' title='bbox 1378 2923 1452 2974; x_wconf 87' lang='lat' dir='ltr'>etiarn</span> <span class='ocrx_word' id='word_1_295' title='bbox 1470 2923 1491 2971; x_wconf 90' lang='lat' dir='ltr'>in</span> 
     </span>
    </p>
   </div>
   <div class='ocr_carea' id='block_1_8' title="bbox 974 3008 1492 3166">
    <p class='ocr_par' dir='ltr' id='par_1_9' title="bbox 974 3008 1492 3166">
     <span class='ocr_line' id='line_1_45' title="bbox 975 3008 1492 3073; baseline 0.006 -16"><span class='ocrx_word' id='word_1_296' title='bbox 975 3008 1010 3058; x_wconf 89' lang='lat' dir='ltr'>iis</span> <span class='ocrx_word' id='word_1_297' title='bbox 1023 3009 1105 3058; x_wconf 88' lang='lat' dir='ltr'>rebus</span> <span class='ocrx_word' id='word_1_298' title='bbox 1116 3021 1177 3071; x_wconf 80' lang='lat' dir='ltr'>quae</span> <span class='ocrx_word' id='word_1_299' title='bbox 1196 3010 1310 3062; x_wconf 85' lang='lat' dir='ltr'>Petrum</span> <span class='ocrx_word' id='word_1_300' title='bbox 1322 3012 1393 3064; x_wconf 90' lang='lat' dir='ltr'>inter</span> <span class='ocrx_word' id='word_1_301' title='bbox 1406 3023 1492 3073; x_wconf 84' lang='lat' dir='ltr'>eosque</span> 
     </span>
     <span class='ocr_line' id='line_1_46' title="bbox 974 3097 1491 3166; baseline 0.004 -19"><span class='ocrx_word' id='word_1_302' title='bbox 974 3097 1020 3159; x_wconf 90' lang='lat' dir='ltr'>qui</span> <span class='ocrx_word' id='word_1_303' title='bbox 1033 3099 1075 3148; x_wconf 87' lang='lat' dir='ltr'>ter</span> <span class='ocrx_word' id='word_1_304' title='bbox 1092 3098 1190 3150; x_wconf 74' lang='lat' dir='ltr'>matres</span> <span class='ocrx_word' id='word_1_305' title='bbox 1204 3101 1416 3166; x_wconf 82' lang='lat' dir='ltr'>objurgaverunt</span> <span class='ocrx_word' id='word_1_306' title='bbox 1430 3115 1491 3152; x_wconf 85' lang='lat' dir='ltr'>com·</span> 
     </span>
    </p>
   </div>
   <div class='ocr_carea' id='block_1_9' title="bbox 950 3189 1491 3243">
    <p class='ocr_par' dir='ltr' id='par_1_10' title="bbox 950 3189 1491 3243">
     <span class='ocr_line' id='line_1_47' title="bbox 950 3189 1491 3243; baseline 0.006 -7"><span class='ocrx_word' id='word_1_307' title='bbox 950 3199 1073 3238; x_wconf 79' lang='lat' dir='ltr'>·munes</span> <span class='ocrx_word' id='word_1_308' title='bbox 1100 3201 1161 3238; x_wconf 89' lang='lat' dir='ltr'>esse</span> <span class='ocrx_word' id='word_1_309' title='bbox 1186 3189 1324 3242; x_wconf 78' lang='lat' dir='ltr'>uidentur.</span> <span class='ocrx_word' id='word_1_310' title='bbox 1354 3193 1408 3243; x_wconf 70' lang='lat' dir='ltr'>Nec</span> <span class='ocrx_word' id='word_1_311' title='bbox 1431 3191 1491 3240; x_wconf 83' lang='lat' dir='ltr'>enim</span> 
     </span>
    </p>
   </div>
   <div class='ocr_carea' id='block_1_10' title="bbox 973 3276 1492 3520">
    <p class='ocr_par' dir='ltr' id='par_1_11' title="bbox 973 3276 1492 3520">
     <span class='ocr_line' id='line_1_48' title="bbox 973 3276 1492 3341; baseline -0.006 -14"><span class='ocrx_word' id='word_1_312' title='bbox 973 3276 1074 3341; x_wconf 86' lang='lat' dir='ltr'>exigua</span> <span class='ocrx_word' id='word_1_313' title='bbox 1099 3277 1256 3329; x_wconf 83' lang='lat' dir='ltr'>differentia</span> <span class='ocrx_word' id='word_1_314' title='bbox 1277 3285 1317 3330; x_wconf 86' lang='lat' dir='ltr'>est</span> <span class='ocrx_word' id='word_1_315' title='bbox 1344 3281 1429 3330; x_wconf 84' lang='lat' dir='ltr'>claves</span> <span class='ocrx_word' id='word_1_316' title='bbox 1448 3290 1492 3328; x_wconf 89' lang='lat' dir='ltr'>nun</span> 
     </span>
     <span class='ocr_line' id='line_1_49' title="bbox 975 3365 1491 3433; baseline 0.004 -19"><span class='ocrx_word' id='word_1_317' title='bbox 975 3366 1058 3417; x_wconf 85' lang='lat' dir='ltr'>unius</span> <span class='ocrx_word' id='word_1_318' title='bbox 1078 3365 1142 3417; x_wconf 87' lang='lat' dir='ltr'>coeli</span> <span class='ocrx_word' id='word_1_319' title='bbox 1162 3366 1286 3430; x_wconf 80' lang='lat' dir='ltr'>Petrum,</span> <span class='ocrx_word' id='word_1_320' title='bbox 1306 3369 1354 3419; x_wconf 83' lang='lat' dir='ltr'>sed</span> <span class='ocrx_word' id='word_1_321' title='bbox 1378 3368 1491 3433; x_wconf 79' lang='lat' dir='ltr'>plurimu</span> 
     </span>
     <span class='ocr_line' id='line_1_50' title="bbox 975 3457 1491 3520; baseline 0.004 -16"><span class='ocrx_word' id='word_1_322' title='bbox 975 3469 1036 3506; x_wconf 85' lang='lat' dir='ltr'>rum</span> <span class='ocrx_word' id='word_1_323' title='bbox 1052 3457 1202 3520; x_wconf 83' lang='lat' dir='ltr'>accepisse,</span> <span class='ocrx_word' id='word_1_324' title='bbox 1221 3459 1250 3508; x_wconf 87' lang='lat' dir='ltr'>et</span> <span class='ocrx_word' id='word_1_325' title='bbox 1269 3471 1441 3520; x_wconf 76' lang='lat' dir='ltr'>quaecumque</span> <span class='ocrx_word' id='word_1_326' title='bbox 1456 3471 1491 3506; x_wconf 88' lang='lat' dir='ltr'>sn-</span> 
     </span>
    </p>
   </div>
   <div class='ocr_carea' id='block_1_11' title="bbox 947 3545 1491 3702">
    <p class='ocr_par' dir='ltr' id='par_1_12' title="bbox 947 3545 1491 3702">
     <span class='ocr_line' id='line_1_51' title="bbox 948 3545 1491 3611; baseline 0 -17"><span class='ocrx_word' id='word_1_327' title='bbox 948 3568 961 3586; x_wconf 76' lang='lat'>·</span> <span class='ocrx_word' id='word_1_328' title='bbox 974 3559 1024 3608; x_wconf 83' lang='lat' dir='ltr'>par</span> <span class='ocrx_word' id='word_1_329' title='bbox 1035 3547 1139 3596; x_wconf 84' lang='lat' dir='ltr'>terram</span> <span class='ocrx_word' id='word_1_330' title='bbox 1155 3545 1321 3611; x_wconf 77' lang='lat' dir='ltr'>alligaverit,</span> <span class='ocrx_word' id='word_1_331' title='bbox 1334 3561 1388 3599; x_wconf 91' lang='lat' dir='ltr'>non</span> <span class='ocrx_word' id='word_1_332' title='bbox 1405 3547 1432 3596; x_wconf 89' lang='lat' dir='ltr'>in</span> <span class='ocrx_word' id='word_1_333' title='bbox 1448 3557 1491 3597; x_wconf 91' lang='lat' dir='ltr'>unc</span> 
     </span>
     <span class='ocr_line' id='line_1_52' title="bbox 947 3635 1489 3702; baseline 0 -18"><span class='ocrx_word' id='word_1_334' title='bbox 947 3657 959 3670; x_wconf 59' lang='grc' dir='ltr'><strong>ν</strong></span> <span class='ocrx_word' id='word_1_335' title='bbox 973 3635 1054 3694; x_wconf 81' lang='lat' dir='ltr'>caelo,</span> <span class='ocrx_word' id='word_1_336' title='bbox 1073 3635 1121 3686; x_wconf 85' lang='lat' dir='ltr'>sed</span> <span class='ocrx_word' id='word_1_337' title='bbox 1139 3635 1168 3684; x_wconf 91' lang='lat' dir='ltr'>in</span> <span class='ocrx_word' id='word_1_338' title='bbox 1190 3637 1320 3686; x_wconf 85' lang='lat' dir='ltr'>omnibus</span> <span class='ocrx_word' id='word_1_339' title='bbox 1336 3637 1417 3702; x_wconf 82' lang='lat' dir='ltr'>ligata</span> <span class='ocrx_word' id='word_1_340' title='bbox 1434 3647 1489 3692; x_wconf 82' lang='lat' dir='ltr'>esse,</span> 
     </span>
    </p>
   </div>
   <div class='ocr_carea' id='block_1_12' title="bbox 971 3725 1490 4511">
    <p class='ocr_par' dir='ltr' id='par_1_13' title="bbox 971 3725 1490 4511">
     <span class='ocr_line' id='line_1_53' title="bbox 975 3725 1488 3792; baseline 0.002 -17"><span class='ocrx_word' id='word_1_341' title='bbox 975 3739 1031 3789; x_wconf 81' lang='lat' dir='ltr'>prae</span> <span class='ocrx_word' id='word_1_342' title='bbox 1050 3725 1177 3791; x_wconf 81' lang='lat' dir='ltr'>pluribus</span> <span class='ocrx_word' id='word_1_343' title='bbox 1197 3727 1259 3778; x_wconf 86' lang='lat' dir='ltr'>aliis</span> <span class='ocrx_word' id='word_1_344' title='bbox 1281 3729 1329 3790; x_wconf 88' lang='lat' dir='ltr'>qui</span> <span class='ocrx_word' id='word_1_345' title='bbox 1350 3741 1429 3792; x_wconf 85' lang='lat' dir='ltr'>super</span> <span class='ocrx_word' id='word_1_346' title='bbox 1448 3731 1488 3778; x_wconf 79' lang='lat' dir='ltr'>trr-</span> 
     </span>
     <span class='ocr_line' id='line_1_54' title="bbox 973 3815 1490 3882; baseline -0.002 -16"><span class='ocrx_word' id='word_1_347' title='bbox 973 3831 1034 3866; x_wconf 86' lang='lat' dir='ltr'>ram</span> <span class='ocrx_word' id='word_1_348' title='bbox 1055 3817 1081 3867; x_wconf 84' lang='lat' dir='ltr'>et</span> <span class='ocrx_word' id='word_1_349' title='bbox 1100 3817 1218 3882; x_wconf 81' lang='lat' dir='ltr'>alligant</span> <span class='ocrx_word' id='word_1_350' title='bbox 1237 3821 1263 3867; x_wconf 87' lang='lat' dir='ltr'>et</span> <span class='ocrx_word' id='word_1_351' title='bbox 1290 3820 1397 3870; x_wconf 80' lang='lat' dir='ltr'>solvunt</span> <span class='ocrx_word' id='word_1_352' title='bbox 1419 3819 1454 3870; x_wconf 85' lang='lat' dir='ltr'>ita</span> <span class='ocrx_word' id='word_1_353' title='bbox 1470 3815 1490 3865; x_wconf 87' lang='lat' dir='ltr'>ut</span> 
     </span>
     <span class='ocr_line' id='line_1_55' title="bbox 971 3907 1489 3972; baseline -0.006 -15"><span class='ocrx_word' id='word_1_354' title='bbox 971 3909 1030 3958; x_wconf 78' lang='lat' dir='ltr'>lraec</span> <span class='ocrx_word' id='word_1_355' title='bbox 1047 3907 1162 3972; x_wconf 86' lang='lat' dir='ltr'>alligata</span> <span class='ocrx_word' id='word_1_356' title='bbox 1182 3912 1210 3958; x_wconf 85' lang='lat' dir='ltr'>et</span> <span class='ocrx_word' id='word_1_357' title='bbox 1230 3909 1323 3960; x_wconf 80' lang='lat' dir='ltr'>soluta</span> <span class='ocrx_word' id='word_1_358' title='bbox 1338 3910 1393 3960; x_wconf 80' lang='lat' dir='ltr'>sint</span> <span class='ocrx_word' id='word_1_359' title='bbox 1407 3923 1457 3960; x_wconf 88' lang='lat' dir='ltr'>nen</span> <span class='ocrx_word' id='word_1_360' title='bbox 1470 3908 1489 3955; x_wconf 88' lang='lat' dir='ltr'>in</span> 
     </span>
     <span class='ocr_line' id='line_1_56' title="bbox 975 3996 1488 4056; baseline 0.008 -10"><span class='ocrx_word' id='word_1_361' title='bbox 975 3997 1062 4056; x_wconf 78' lang='lat' dir='ltr'>coelis,</span> <span class='ocrx_word' id='word_1_362' title='bbox 1082 3996 1153 4048; x_wconf 87' lang='lat' dir='ltr'>sicut</span> <span class='ocrx_word' id='word_1_363' title='bbox 1176 3997 1258 4048; x_wconf 81' lang='lat' dir='ltr'>Petro</span> <span class='ocrx_word' id='word_1_364' title='bbox 1274 4011 1432 4050; x_wconf 84' lang='lat' dir='ltr'>concessum</span> <span class='ocrx_word' id='word_1_365' title='bbox 1452 4000 1488 4049; x_wconf 84' lang='lat' dir='ltr'>est.</span> 
     </span>
     <span class='ocr_line' id='line_1_57' title="bbox 971 4089 1488 4153; baseline -0.004 -15"><span class='ocrx_word' id='word_1_366' title='bbox 971 4089 1019 4138; x_wconf 84' lang='lat' dir='ltr'>sed</span> <span class='ocrx_word' id='word_1_367' title='bbox 1035 4089 1064 4138; x_wconf 87' lang='lat' dir='ltr'>in</span> <span class='ocrx_word' id='word_1_368' title='bbox 1081 4103 1135 4139; x_wconf 90' lang='lat' dir='ltr'>uno</span> <span class='ocrx_word' id='word_1_369' title='bbox 1153 4089 1224 4140; x_wconf 86' lang='lat' dir='ltr'>coelo</span> <span class='ocrx_word' id='word_1_370' title='bbox 1237 4105 1244 4140; x_wconf 75' lang='grc' dir='ltr'><strong>ε</strong></span> <span class='ocrx_word' id='word_1_371' title='bbox 1259 4103 1309 4140; x_wconf 86' lang='lat' dir='ltr'>nec</span> <span class='ocrx_word' id='word_1_372' title='bbox 1326 4091 1399 4141; x_wconf 90' lang='lat' dir='ltr'>enim</span> <span class='ocrx_word' id='word_1_373' title='bbox 1413 4103 1444 4140; x_wconf 85' lang='lat' dir='ltr'>eo</span> <span class='ocrx_word' id='word_1_374' title='bbox 1455 4099 1488 4153; x_wconf 89' lang='lat' dir='ltr'>pc·</span> 
     </span>
     <span class='ocr_line' id='line_1_58' title="bbox 971 4177 1488 4244; baseline -0.006 -16"><span class='ocrx_word' id='word_1_375' title='bbox 971 4179 1097 4229; x_wconf 87' lang='lat' dir='ltr'>netrandi</span> <span class='ocrx_word' id='word_1_376' title='bbox 1110 4178 1240 4231; x_wconf 80' lang='lat' dir='ltr'>facultate</span> <span class='ocrx_word' id='word_1_377' title='bbox 1257 4180 1372 4244; x_wconf 77' lang='lat' dir='ltr'>pollent,</span> <span class='ocrx_word' id='word_1_378' title='bbox 1381 4177 1488 4244; x_wconf 84' lang='lat' dir='ltr'>quemad·</span> 
     </span>
     <span class='ocr_line' id='line_1_59' title="bbox 973 4265 1487 4334; baseline -0.006 -17"><span class='ocrx_word' id='word_1_379' title='bbox 973 4267 1084 4318; x_wconf 88' lang='lat' dir='ltr'>modum</span> <span class='ocrx_word' id='word_1_380' title='bbox 1103 4267 1213 4324; x_wconf 81' lang='lat' dir='ltr'>Petrus,</span> <span class='ocrx_word' id='word_1_381' title='bbox 1226 4273 1255 4318; x_wconf 89' lang='lat' dir='ltr'>ut</span> <span class='ocrx_word' id='word_1_382' title='bbox 1267 4267 1383 4334; x_wconf 81' lang='lat' dir='ltr'>alligent</span> <span class='ocrx_word' id='word_1_383' title='bbox 1394 4269 1432 4318; x_wconf 81' lang='lat' dir='ltr'>rel</span> <span class='ocrx_word' id='word_1_384' title='bbox 1448 4265 1487 4318; x_wconf 88' lang='lat' dir='ltr'>sci·</span> 
     </span>
     <span class='ocr_line' id='line_1_60' title="bbox 972 4356 1486 4416; baseline -0.008 -8"><span class='ocrx_word' id='word_1_385' title='bbox 972 4361 1037 4408; x_wconf 73' lang='lat' dir='ltr'>nant</span> <span class='ocrx_word' id='word_1_386' title='bbox 1060 4358 1089 4408; x_wconf 93' lang='lat' dir='ltr'>in</span> <span class='ocrx_word' id='word_1_387' title='bbox 1116 4359 1245 4409; x_wconf 80' lang='lat' dir='ltr'>omnibus</span> <span class='ocrx_word' id='word_1_388' title='bbox 1267 4359 1347 4409; x_wconf 81' lang='lat' dir='ltr'>coelis</span> <span class='ocrx_word' id='word_1_389' title='bbox 1371 4383 1384 4402; x_wconf 80' lang='lat'><em>=</em></span> <span class='ocrx_word' id='word_1_390' title='bbox 1408 4359 1448 4416; x_wconf 72' lang='grc' dir='ltr'>(Ρ.</span> <span class='ocrx_word' id='word_1_391' title='bbox 1464 4356 1486 4404; x_wconf 85' lang='lat' dir='ltr'>tl.</span> 
     </span>
     <span class='ocr_line' id='line_1_61' title="bbox 980 4446 1184 4511; baseline -0.015 -12"><span class='ocrx_word' id='word_1_392' title='bbox 980 4446 1047 4498; x_wconf 84' lang='lat' dir='ltr'>lllll</span> <span class='ocrx_word' id='word_1_393' title='bbox 1060 4461 1087 4511; x_wconf 90' lang='lat' dir='ltr'>p.</span> <span class='ocrx_word' id='word_1_394' title='bbox 1103 4449 1184 4508; x_wconf 72' lang='lat'>1179}-</span> 
     </span>
    </p>
   </div>
   <div class='ocr_carea' id='block_1_13' title="bbox 0 0 1582 5134">
    <p class='ocr_par' dir='ltr' id='par_1_14' title="bbox 0 0 1582 5134">
     <span class='ocr_line' id='line_1_62' title="bbox 0 0 1582 5134; baseline 0 5"><span class='ocrx_word' id='word_1_395' title='bbox 0 0 1582 5134; x_wconf 95' lang='lat' dir='ltr'> </span> 
     </span>
    </p>
   </div>
  </div>
 </body>
</html>
