3180 5134
320 428 359 488 al
801 443 921 493 anenno.
945 436 984 490 n.

366 617 436 684 30.
457 619 557 680 aneo.
574 645 587 668 u
603 623 636 678 ln
649 621 749 680 Ahica
753 664 808 680 .....
820 623 939 695 Ypoliti.
958 649 971 672 .

365 761 431 828 31.
456 769 488 826 19
499 765 574 840 Iun.
591 791 604 814 u
620 769 722 824 Romae
738 767 899 839 Hippolyti.
917 793 930 816 .

364 903 434 968 32.
450 909 482 967 13
495 907 579 979 Aup.
593 932 606 954 u
622 909 723 965 Romae
737 909 765 966 S.
778 907 896 978 Ypolyti
907 908 958 978 qui
969 906 1104 979 ternpore
1115 909 1205 976 Decii,
1217 909 1328 981 ligatus
1335 909 1428 984 pedes
1437 911 1473 967 ad

317 1013 395 1071 oolla
416 1013 629 1071 indomitorum
648 1027 804 1085 equorum,
825 1013 869 1069 sic
891 1027 944 1083 per
966 1013 1093 1071 carduos
1115 1015 1304 1087 tribulosque
1324 1015 1474 1073 mactatus
1537 1101 1539 1106 Ι

317 1111 416 1169 emisit
428 1112 601 1184 spiritum...
616 1111 653 1167 nt
666 1109 837 1168 concordiae
857 1109 982 1166 nutricis
1001 1110 1100 1181 ejus...
1122 1109 1159 1167 Ei
1177 1110 1306 1168 aliorum
1327 1110 1366 1168 de
1386 1111 1473 1168 domo

316 1206 380 1277 ejus
393 1207 497 1265 decem
509 1209 540 1265 ct
553 1222 669 1266 novem.
689 1233 703 1255 κ

269 1363 277 1371 “
361 1348 431 1415 33.
446 1357 482 1418 23
492 1357 573 1428 Auo.
592 1381 605 1405 a
621 1356 755 1428 inportu
770 1355 852 1414 urbis
862 1357 964 1432 Romee
974 1355 1073 1414 natale
1083 1358 1113 1414 S.
1125 1354 1287 1427 Hippolyti,
1300 1355 1352 1426 qui
1363 1353 1473 1412 dicitur

315 1461 449 1518 Nonnus.
467 1487 480 1510 n
1571 1457 1572 1468 ¹

360 1588 429 1655 34.
449 1595 573 1667 lasepa
591 1622 604 1644 u
621 1597 723 1656 Romae
737 1595 836 1655 natale
849 1597 879 1653 S.
895 1596 1055 1668 Hippolyti.
1075 1622 1088 1644 η

359 1739 429 1806 35.
449 1751 480 1809 18
499 1750 562 1809 Oct.
586 1751 718 1808 oe‘ltomae
741 1751 771 1806 S.
796 1749 974 1821 Tryphoniee
993 1751 1096 1807 uxoris
1115 1749 1194 1806 Decii
1224 1751 1368 1819 casaris,
1394 1765 1469 1822 quc,

262 1833 267 1844 ¹
313 1853 379 1909 viro
398 1867 452 1910 suo
472 1853 539 1924 post
561 1853 797 1910 interiectionem
821 1853 976 1910 beatorum
1000 1853 1074 1910 Sixti
1095 1853 1129 1910 et·
1145 1854 1298 1912 Laurentii
1324 1853 1470 1911 divinitus

313 1951 427 2022 punito,
445 1950 530 2021 petiit
549 1949 692 2019 baptizari
705 1964 773 2006 oum
794 1948 937 2020 cyrillae
958 1949 1073 2005 lustino
1093 1949 1280 2020 presbytero,
1299 1948 1330 2004 et
1342 1949 1412 2022 *alie
1424 1948 1470 2006 die

313 2049 359 2106 est
373 2045 512 2104 defuncta
526 2059 561 2103 ac
570 2045 659 2116 juxto
674 2047 702 2103 S.
719 2044 911 2116 Hippolytum
926 2046 955 2101 in
967 2045 1073 2116 crypta
1082 2045 1208 2116 sepulta.
1440 2053 1448 2064 ·

358 2188 427 2254 36.
444 2191 479 2248 28
493 2189 556 2248 Oct.
576 2215 590 2236 υ
606 2191 709 2248 Romae
728 2192 756 2246 S.
779 2191 898 2261 cyrillae
915 2189 985 2246 illine
1002 2191 1083 2246 Decii
1100 2191 1235 2260 caesaris,
1258 2205 1324 2262 quae
1346 2191 1468 2250 Claudio

312 2301 444 2372 principe
453 2298 592 2370 jugulata
604 2299 635 2355 et
648 2298 753 2354 necata
765 2299 811 2355 est
827 2298 936 2368 gladio,
948 2297 978 2355 et
991 2298 1108 2370 sepulta
1120 2314 1139 2355 a
1151 2299 1268 2357 tustino
1285 2301 1467 2372 Presbytero

312 2412 380 2454 cum
394 2395 491 2456 matre
504 2410 559 2453 sua
567 2395 656 2466 juxta
670 2397 698 2452 S.
715 2394 917 2467 Hippolytum.
937 2421 950 2443 η

355 2537 425 2602 37.
447 2545 483 2602 29
505 2542 568 2602 Oct.
592 2568 606 2590 a
627 2542 731 2600 Natale
746 2545 775 2600 S.
791 2543 928 2599 Pontiani
948 2545 1037 2614 Papae
1050 2543 1081 2600 et
1093 2543 1236 2614 martyris
1251 2564 1258 2601 :
1274 2545 1323 2616 qui
1345 2543 1385 2601 ab
1403 2543 1467 2602 hle·
1571 2501 1572 2530 ᾗ

310 2644 425 2702 xundro
439 2647 620 2718 imperatore
682 2661 751 2704 cum
765 2646 923 2718 Hippolyto
944 2646 1122 2718 Presbytero
1136 2648 1226 2705 exilio
1240 2647 1386 2704 ininsula
1400 2649 1465 2704 Sar·
1571 2725 1572 2730 ἵ

309 2743 397 2800 diniee
419 2745 531 2801 Hucine
548 2743 732 2816 deportatus,
747 2745 926 2814 martyrium
945 2745 1173 2803 consummavit.
1196 2744 1347 2815 Scriptum
1368 2745 1417 2802 cst
1436 2746 1464 2802 in

310 2839 386 2897 libro
399 2843 621 2912 Episcoporum.
639 2866 652 2889 π

353 2973 423 3039 33.
444 2982 462 3038 2
475 2977 551 3036 Noc.
569 3001 582 3022 u
598 2975 747 3034 Dedicatio
757 2973 890 3032 Desilicae
900 2977 949 3032 SS.
962 2975 1048 3043 sixti,
1061 2974 1210 3046 Hippolyti
1221 2975 1252 3031 ei
1265 2975 1431 3033 Laurentii.
1448 3000 1461 3022 n

416 3155 442 3206 Ε
459 3143 708 3218 martyrologiis
724 3149 846 3203 Adonis
864 3147 908 3217 (ι),
927 3149 1074 3203 Usuardl
1091 3147 1124 3216 (ε)
1141 3153 1175 3202 et
1190 3151 1345 3202 Romano.

353 3311 422 3379 39.
444 3319 481 3375 30
498 3313 573 3372 Jan.
592 3316 655 3371 hoo
676 3333 682 3370 :
705 3337 719 3360 a
739 3277 822 3384 Apud
835 3312 1031 3381 Antiochiam,
1046 3312 1144 3383 passio
1161 3314 1190 3369 S.
1207 3311 1361 3383 Hippolyti
1382 3326 1464 3370 mar·

306 3421 393 3493 tyris,
413 3421 464 3492 qui
483 3419 591 3476 Novati
609 3416 769 3475 schismate
787 3417 1004 3488 aliquantulum
1024 3417 1176 3488 deceptus,
1198 3417 1340 3488 operante
1365 3416 1463 3488 gratia
1571 3471 1572 3474 ,

308 3519 417 3577 christi
437 3515 601 3584 correctus,
622 3515 659 3572 ad
678 3514 855 3572 charitatem
875 3514 1014 3572 Ecclesiae
1031 3515 1132 3584 rediit;
1153 3529 1207 3586 pro
1227 3528 1286 3585 qua
1302 3513 1334 3570 et
1353 3514 1385 3570 in
1405 3525 1463 3584 qua
1571 3599 1572 3602 Ἴ

305 3617 425 3675 illustre
439 3614 617 3685 martyrium
630 3613 856 3670 consummavit.
866 3638 888 3674 ,n
905 3642 938 3652 -
953 3611 1004 3668 Ito
1016 3616 1118 3670 etiam
1127 3615 1293 3670 Usuuanus
1308 3614 1339 3668 ct
1356 3610 1460 3669 Mart.
1571 3609 1572 3662 l

306 3716 516 3779 Romanum,
530 3713 582 3766 aad
601 3712 635 3766 in
654 3711 708 3766 hoc
720 3711 849 3766 additur
863 3727 872 3764 :
888 3731 901 3756 u
918 3710 971 3766 Hic
984 3709 1107 3780 rogatus
1120 3722 1139 3764 a
1152 3709 1213 3766 suis
1227 3723 1365 3780 quaenam
1380 3709 1461 3766 secta

305 3812 406 3868 verior
419 3809 507 3875 esset,
528 3807 684 3864 execratus
697 3805 805 3878 dogma
824 3805 942 3870 Novati,
956 3821 1022 3862 eam
1037 3805 1124 3862 fldem
1144 3806 1244 3862 dicens
1258 3820 1323 3862 esse
1337 3821 1459 3862 servan-

304 3912 476 3988 (tamquam
496 3907 577 3963 Petri
593 3903 735 3962 cathedra
748 3905 922 3972 custodiret,
936 3904 1076 3974 jugulum
1096 3903 1233 3974 praebuit.
1255 3928 1268 3950 n
1364 3912 1366 3916 ’

347 4062 419 4128 40.
440 4067 457 4125 3
476 4065 547 4124 Feb.
569 4055 757 4122 Romanum
780 4084 786 4119 :
810 4086 824 4108 α
846 4060 955 4118 ibidem
975 4059 1015 4136 [in
1028 4056 1136 4133 Albion]
1155 4057 1327 4116 sanctorum
1348 4059 1460 4128 marty-

302 4185 370 4229 rum
380 4171 495 4239 Felicis,
508 4169 689 4240 symphonii,
701 4168 853 4240 Hippolyti
863 4168 895 4225 et
905 4167 1067 4226 sociorum.
1085 4191 1098 4213 n

364 4433 414 4492 )P.
425 4435 454 4482 L.
466 4439 484 4483 t.
495 4434 607 4484 cxxlll.
620 4447 645 4494 p.
654 4439 695 4483 201
707 4447 763 4493 sqq.
928 4435 956 4492 (e)
965 4433 1030 4482 ibid.
1041 4445 1065 4492 p.
1077 4437 1117 4481 6⁰1
1128 4443 1183 4493 sqq.
