3154 5134
322 455 382 518 260
553 467 621 514 urss.
645 466 675 514 v.
697 465 734 513 nn
754 467 893 516 comnov.
917 466 998 514 crum
1019 470 1101 516 usur.
1125 468 1235 517 unum.

322 651 406 727 fidei
434 647 603 748 regulam
622 651 817 748 proponat.
840 648 918 722 Nee
944 647 1155 724 diffitentur
1176 648 1274 724 hanc
1296 649 1459 726 traditio-

320 813 405 864 nem
422 787 468 862 de
486 784 670 886 baptismo
688 808 762 859 non
779 783 950 859 iterando
968 785 1239 861 observandam
1257 809 1353 874 esse,
1373 786 1460 861 siah

319 920 498 1026 apostolis
521 925 606 996 orta
631 918 699 1006 sit;
720 918 782 994 sed
805 923 927 996 ortam
950 921 998 995 ab
1023 919 1204 1022 apostolis
1226 926 1380 1020 negant.
1402 920 1459 998 Sic

319 1055 533 1160 Cyprianus
556 1086 595 1134 a.
618 1052 739 1154 Epist.
769 1052 815 1128 ad
845 1053 1021 1130 Jubaian.
1055 1080 1092 1130 n.
1120 1060 1191 1131 13:
1217 1091 1233 1119 κ
1260 1056 1340 1132 Nec
1363 1055 1459 1156 quis·

321 1227 337 1257 n
354 1215 468 1293 quam
494 1189 609 1277 dieat,
642 1187 739 1289 quod
770 1188 982 1290 accepimus
1016 1189 1063 1265 ab
1097 1187 1279 1290 apostolis
1310 1189 1460 1266 house

320 1364 337 1394 n
358 1325 523 1428 quimur,
559 1323 707 1425 quando
740 1321 899 1423 apostoli
935 1321 1083 1398 nonnisi
1118 1346 1232 1399 unam
1267 1321 1458 1399 ecclesiam
1551 1331 1552 1416 3

320 1458 594 1536 „tradiderunt
631 1459 668 1532 et
707 1455 893 1557 baptisma
928 1479 1067 1544 unum,
1104 1455 1202 1557 quod
1235 1456 1384 1532 nonnisi
1425 1456 1459 1530 in

320 1631 336 1660 n
357 1593 486 1670 eadem
509 1589 666 1668 ecelesia
688 1589 738 1665 sit
758 1589 1019 1678 constitutum,
1039 1595 1076 1666 et
1092 1590 1280 1666 neminem
1297 1588 1460 1666 inveniar

319 1767 335 1796 n
356 1755 440 1806 mus
465 1729 512 1806 ab
541 1723 733 1829 apostolia
769 1751 855 1803 cum
885 1727 985 1828 apud
1021 1727 1217 1804 haereticos
1251 1729 1459 1829 baptizatus

319 1905 335 1934 n
357 1873 467 1956 esset,
492 1866 531 1941 in
555 1864 683 1942 eodem
707 1864 892 1965 baptismo
911 1864 1119 1942 admissum
1140 1890 1222 1941 esse
1238 1869 1275 1941 et
1297 1889 1460 1942 commu·

318 2037 334 2067 n
356 2002 513 2088 nicasse,
536 2001 580 2075 ut
596 1996 796 2074 videantur
812 1995 972 2099 apostoli
989 1997 1178 2099 baptisma
1196 1997 1459 2076 haereticorum

318 2173 334 2202 n
355 2136 567 2238 probasse»
589 2135 639 2231 (ι).
662 2132 712 2209 Et
728 2156 765 2208 n.
787 2137 831 2209 15
852 2164 859 2207 :
884 2169 900 2197 a
922 2132 1051 2220 Quare
1068 2134 1099 2210 si
1114 2134 1459 2235 rejectishumanae
1551 2125 1552 2202 l

318 2267 601 2346 »contentionis
626 2267 817 2344 erroribus
842 2267 890 2344 ad
920 2269 1177 2369 evangelicam
1197 2271 1458 2347 auctoritatem

318 2443 334 2472 n
356 2410 469 2508 atque
486 2405 534 2482 ad
551 2403 795 2506 apostolicam
813 2405 1053 2483 traditionem
1071 2407 1217 2483 sincera
1234 2411 1271 2483 et
1284 2405 1458 2508 religiosa

318 2579 334 2607 n
356 2541 428 2617 fide
446 2545 693 2630 revertamur,
707 2539 953 2642 intelligimus
970 2542 1066 2620 nihil
1084 2542 1138 2620 eis
1156 2542 1203 2619 ad
1221 2541 1387 2642 gratiam
1404 2564 1456 2616 eo-

317 2713 334 2744 »
355 2675 603 2753 clesiasticam
620 2679 658 2753 et
678 2675 882 2753 salutarem
899 2676 1014 2753 licere
1027 2679 1090 2779 qui
1109 2681 1329 2781 spargentes
1349 2679 1456 2776 atque

316 2811 616 2912 „impugnantes
646 2809 843 2888 ecelesiam
873 2810 1031 2901 Christi,
1063 2815 1263 2892 aOhristo
1288 2814 1371 2916 ipso
1395 2811 1454 2890 ad-

316 2982 332 3012 »
353 2945 527 3034 versarii,
546 2946 593 3022 ab
616 2946 794 3047 apostolis
812 2973 902 3025 vero
927 2949 1008 3050 ejus
1026 2949 1240 3046 antichristi
1266 2952 1455 3028 nominan-
1551 3049 1552 3052 Ν

316 3115 332 3145 n
352 3083 416 3155 tur
437 3114 452 3144 υ
475 3081 525 3178 (a).
545 3093 579 3159 b.
597 3077 717 3181 Epist.
746 3081 793 3157 ad
816 3081 951 3184 Pomp.
976 3108 1013 3160 n.
1040 3089 1083 3160 10
1105 3114 1112 3159 :
1137 3120 1153 3149 κ
1175 3083 1284 3171 Quod
1302 3090 1342 3162 et
1359 3106 1453 3160 nunc

315 3255 331 3285 a·
353 3219 475 3294 facere
504 3219 649 3319 oportet
670 3217 743 3320 'Dei
773 3220 983 3297 sacerdotes
1013 3225 1201 3323 praecepta
1225 3222 1355 3300 divina
1384 3243 1454 3296 ser-

314 3389 331 3419 »
351 3356 497 3440 vantes
516 3354 560 3428 ut
576 3350 608 3427 si
632 3351 671 3427 in
694 3352 820 3454 aliquo
839 3355 1029 3432 nutaverit
1046 3361 1083 3432 et
1099 3354 1338 3434 vacillaverit
1359 3353 1451 3432 veri·

193 3543 196 3548 ·
314 3524 331 3554 n
351 3491 424 3576 tas,
443 3485 490 3562 ad
508 3486 691 3587 originem
708 3465 934 3566 dominicam
951 3493 988 3566 et
1004 3489 1052 3566 ad
1069 3489 1326 3593 evangelicam
1344 3493 1452 3590 atque
1551 3591 1552 3596 Ν

315 3657 331 3688 n
351 3618 594 3722 apostolicam
618 3620 858 3700 traditionem
884 3603 1119 3700 revertamur
1148 3629 1186 3701 et
1210 3625 1297 3702 inde
1322 3624 1451 3724 surgat

315 3792 331 3822 n
352 3759 460 3833 aetus
477 3754 596 3831 nostri
614 3755 725 3846 ratic,
745 3757 844 3834 unde
857 3762 894 3836 ct
907 3759 997 3836 ordo
1010 3762 1048 3836 et
1061 3759 1168 3861 origo
1185 3760 1351 3837 surrexit
1367 3795 1382 3824 n
1400 3760 1447 3855 (a).
1527 3817 1531 3829 .

311 3923 343 3972 o.
369 3892 419 3969 Et
444 3889 690 3968 Firmilianus
720 3891 841 3995 Epist.
874 3894 921 3990 ad
947 3894 1063 3996 Cypr.
1098 3919 1134 3970 n.
1173 3900 1217 3970 19
1250 3925 1257 3970 :
1295 3931 1310 3960 α
1346 3889 1449 3982 Quod

314 4065 330 4094 n
352 4026 503 4130 quidem
520 4027 701 4104 adversus
719 4027 953 4131 Stephanum
970 4055 1037 4106 vos
1051 4028 1173 4106 dicere
1186 4029 1269 4106 Afri
1284 4027 1447 4131 potestis,

344 4371 373 4435 (1)
385 4365 510 4434 uppem.
524 4379 585 4432 pag.
599 4365 646 4422 58.
936 4373 966 4439 (a)
977 4374 1102 4440 Append.
1116 4344 1238 4440 anglos.

342 4463 454 4531 <silua
