3208 5150
535 1125 774 1208 CAPUT
815 1125 884 1206 ΙΙ.

186 1388 239 1440 DE
263 1383 572 1442 CONTROVERSHS
592 1386 678 1450 QUAE
698 1385 794 1439 ANTE
815 1384 991 1438 Tniirorrn
1014 1375 1182 1439 VICTORIS

94 1499 203 1553 CIRCA
221 1499 313 1553 EAM
331 1495 588 1560 QUAESTIONEM
603 1497 794 1552 EXCITATAE
814 1497 920 1560 SUNT,
936 1497 981 1550 ΕΤ
997 1497 1128 1552 triceni
1143 1498 1275 1552 VICTOR

324 1607 554 1664 PRUDENTER
575 1608 706 1664 EGERIT
728 1610 763 1662 IN
785 1609 831 1663 ΕΑ
853 1609 1068 1663 occisuros.

149 2076 185 2157 l.
218 2073 539 2174 Disceptationes
575 2077 620 2152 de
656 2074 715 2150 die
748 2073 959 2151 celebrandi
999 2075 1199 2153 Paschaiis
1233 2077 1272 2153 in

97 2213 274 2292 ecclesia
300 2209 485 2286 Romana
500 2211 582 2311 jam
606 2213 754 2288 exotius
776 2233 856 2285 esse
873 2209 945 2284 Pio
964 2209 981 2284 Ι
1001 2209 1154 2287 Summo
1175 2211 1272 2286 Pon-

94 2349 203 2425 tifice
233 2352 323 2445 (an.
365 2321 530 2443 ree-157)
557 2345 697 2422 indicat
729 2349 930 2441 Cotoioous
954 2345 1093 2419 Felicis
1118 2349 1179 2420 IV
1205 2371 1270 2423 seu

96 2485 220 2558 Liber
240 2479 511 2570 Pontr‘fiooiis,
531 2479 594 2556 ubi
619 2479 664 2555 de
681 2478 746 2555 illo
764 2477 950 2556 Pontifice
967 2478 1048 2554 haec
1062 2478 1239 2580 leguntur
1259 2511 1266 2557 :

98 2655 114 2680 -’
136 2618 225 2694 Sub
263 2613 389 2714 hujus
415 2614 628 2717 episcopatu
655 2615 772 2692 frater
797 2613 915 2715 ipsius
946 2613 1105 2689 Hormos
1131 2613 1268 2691 librum

101 2747 330 2850 ⁸scripsit,
360 2745 398 2820 in
423 2771 495 2848 quo
520 2750 738 2825 mandatum
763 2747 975 2823 continetur
999 2747 1095 2848 quod
1120 2747 1154 2823 ei
1177 2773 1269 2849 pree·
1356 2818 1363 2839 ,

100 2923 115 2950 .-
138 2885 251 2987 cepit
276 2881 450 2983 Angelus
473 2885 638 2973 Domini,
665 2909 751 2960 cuni
773 2883 879 2960 venii
900 2884 947 2959 ud
966 2908 1050 2959 eum
1076 2885 1114 2959 in
1136 2884 1267 2962 habitu

100 3055 116 3082 π
139 3016 350 3104 Pastoris
371 3023 408 3095 et
420 3021 605 3116 precepit
628 3021 665 3094 ez'
679 3033 723 3096 ut
746 3032 926 3095 sanetum
943 3023 1094 3096 Pascha
1113 3021 1174 3094 die
1196 3025 1268 3096 Do

101 3189 117 3204 -
135 3153 303 3228 mr'm'ca
321 3155 576 3228 celebraretur
595 3189 611 3217 n
629 3155 639 3250 (
656 3155 679 3250 ).

152 3318 194 3400 2.
215 3316 372 3395 Deinde
389 3319 581 3410 Anicetus
602 3320 663 3397 Pii
688 3346 879 3398 successor
899 3326 971 3421 (an.
1002 3327 1185 3421 lor-168),
1205 3350 1264 3401 co·

100 3459 221 3533 natus
257 3457 319 3528 est
349 3451 524 3530 ecclesias
553 3455 714 3533 Asianos
744 3457 791 3533 ab
826 3456 994 3558 ipsarum
1028 3458 1266 3536 observantia

99 3590 313 3666 deducere.
343 3585 450 3673 Quod
475 3594 601 3666 tomen
625 3590 881 3692 persuadendo
907 3591 1072 3669 obtinere
1103 3619 1175 3671 non
1195 3611 1266 3696 *po-

103 3729 196 3817 tuit,
220 3750 297 3802 nec
316 3751 395 3802 rem
414 3726 571 3805 ulterius
588 3730 797 3830 urgendum
813 3729 923 3806 duxit
939 3733 989 3828 (2).

136 4035 168 4091 (r)
196 4030 233 4079 P.
260 4027 292 4079 L.
313 4030 332 4079 t.
352 4029 488 4080 CXXVII.
508 4045 535 4095 p.
557 4032 626 4081 1213.
648 4059 676 4069 -
743 4033 776 4096 (ι)
794 4035 918 4098 Append.
936 4031 1080 4099 p.8exir.
1100 4033 1264 4087 -Lr'oellus

108 4119 242 4185 Sumpsit
257 4117 323 4169 indo
339 4119 585 4171 Pseudo-Isidorus
596 4134 677 4186 argu·
711 4121 862 4184 synodicus
883 4125 976 4188 (cujus
1001 4128 1098 4178 accior
1121 4127 1263 4178 hisicrianr

2 4238 3 4241 =
106 4213 237 4262 mentum
260 4206 385 4271 epistolar
404 4209 500 4272 primos
520 4222 603 4270 quam
623 4211 674 4261 Pio
707 4212 894 4263 Consiliorum
916 4213 1049 4274 omniurn,
1069 4217 1126 4265 turn
1145 4229 1261 4278 gonera-

106 4297 273 4364 supposuit‚
297 4310 352 4358 qua
378 4297 486 4348 scilicet
509 4301 675 4361 praecepium
709 4300 775 4351 lium
789 4305 847 4352 ium
864 4301 1082 4365 provincialium.
1096 4301 1171 4352 brevi
1187 4316 1261 4353 com-

105 4389 176 4439 iilud
189 4401 208 4439 a
223 4386 363 4437 Pontidce
375 4386 585 4452 promulgatum
598 4389 676 4454 fingi·
710 4393 809 4455 pendio
819 4393 951 4453 exaravit,
962 4393 1095 4454 extremo,
1105 4393 1134 4442 ut
1145 4391 1261 4450 videtur,

109 4483 161 4528 tur.
705 4494 761 4532 sec.
775 4481 833 4533 IX:
848 4481 950 4532 desinit
963 4481 1036 4532 enim
1054 4482 1082 4533 in
1100 4482 1201 4533 Octava
1214 4481 1260 4545 Sy-
