3208 5150
323 437 384 495 mr.
408 439 427 482 1.
452 437 546 482 uranu
568 433 673 482 nunnus
696 436 790 482 noum
813 437 941 496 1111111,
965 439 1028 484 nnc.
1227 428 1264 486 ta

165 607 228 690 ll.
248 611 321 686 His
346 609 579 710 argumentis
598 610 740 687 addunt
761 611 915 713 quidam
944 616 1149 714 sequentia,
1180 642 1263 718 quoe

102 752 285 824 tamena
303 745 605 847 prudentioribus
624 745 882 848 repudiantur.
904 745 1088 824 Videlicet

158 901 203 972 4⁰
222 894 360 971 Secum
384 893 545 969 invicem
567 898 740 995 pugnant
760 892 918 995 apostoli
941 898 978 970 et
1001 895 1163 999 episcopi
1182 924 1262 976 mu-

103 1051 220 1116 nera,
242 1052 359 1128 quum
376 1027 572 1130 episcopus
596 1028 660 1104 uni
681 1027 847 1105 ecclesiae
862 1011 914 1106 'sit
931 1029 1082 1120 affixus,
1103 1035 1261 1135 apostoli

101 1169 244 1242 autem
261 1165 360 1267 apud
385 1189 513 1242 omnes
537 1171 664 1266 gentes
686 1165 896 1242 doctrinam
920 1166 1063 1244 Christi
1086 1193 1262 1272 spargere

97 1301 211 1402 jussi
229 1302 306 1379 sint
323 1307 373 1400 (1).

155 1458 202 1529 5⁰
234 1452 355 1528 Primi
386 1452 549 1555 episcopi
580 1452 745 1530 Romani
776 1457 860 1555 post
889 1451 1143 1555 apostolorum
1173 1459 1262 1532 tem-

101 1611 221 1690 pora,
242 1587 361 1663 Linus
379 1587 534 1676 scilicet,
550 1587 680 1665 Oletus
693 1595 730 1665 et
747 1586 935 1678 Clemens,
954 1588 1128 1692 discipuli
1143 1589 1261 1667 'Pauli

102 1727 283 1813 fuerunt,
304 1730 345 1801 ut
362 1723 554 1826 colligitur
570 1751 617 1803 ex
634 1726 747 1827 hujus
765 1725 944 1828 epistolis.
1077 1765 1081 1787 1

156 1879 203 1949 6⁰
228 1871 406 1949 Christus
430 1871 526 1948 dixit
549 1872 595 1948 ed
619 1871 771 1949 Judaeos
794 1902 800 1947 :
826 1909 841 1936 a
871 1870 968 1948 Ecce
991 1896 1060 1972 ego
1082 1872 1189 1949 mitto
1213 1872 1260 1948 ad

106 2031 223 2083 -vos
248 2007 467 2110 prophetas,
499 2011 536 2084 et
562 2007 762 2108 sapientes,
794 2012 832 2084 et
861 2008 1014 2096 scribas
1047 2012 1084 2084 et
1113 2005 1261 2084 exiliis

104 2178 120 2192 ·
145 2139 343 2229 occidetis,
375 2147 412 2217 et
440 2141 682 2243 crucifigetis
717 2145 755 2218 et
784 2141 912 2218 exeis
947 2141 1186 2243 flagellabitis
1220 2143 1260 2218 in

105 2313 122 2338 η
147 2277 359 2378 synagogis
392 2277 540 2356 vestris.
577 2314 607 2378 n,
627 2281 664 2376 (1)
696 2277 740 2353 111
769 2302 880 2379 quem
913 2276 1036 2354 locum
1073 2279 1258 2382 Hierony-

103 2435 199 2486 mus
218 2415 256 2508 (s)
279 2441 286 2486 :
312 2447 327 2476 a
349 2412 556 2514 Lapidatus
579 2417 636 2490 est
653 2413 737 2512 (ait)
760 2412 985 2515 Stephanus,
1006 2413 1151 2492 Paulus
1169 2416 1261 2492 occi-

105 2583 122 2611 .-
147 2570 232 2633 sus,
259 2547 461 2624 crucifixus
484 2548 640 2635 Petrus,
665 2547 846 2648 flagellati
867 2547 906 2624 in
926 2547 1081 2625 Actibus
1105 2550 1260 2651 Aposto-

106 2723 123 2750 »
148 2687 278 2762 lorum
301 2687 487 2790 discipuli.
518 2725 533 2755 n
560 2688 610 2766 Et
627 2687 920 2789 Chrysostomus
943 2693 1006 2788 (1);
1032 2729 1047 2754 a
1074 2679 1259 2791 Intelligit

107 2859 124 2885 π
148 2820 342 2922 apostolos
360 2823 473 2924 etqui
487 2847 573 2900 oum
586 2823 766 2925 apostolis
783 2823 948 2900 fuerunt.
969 2861 985 2890 n
1004 2823 1105 2925 Ergo
1120 2825 1257 2901 Petrus

104 2981 130 3032 a
164 2956 313 3034 Judaeis
354 2963 505 3035 necatus
539 2964 596 3036 est
630 2959 920 3060 Hierosolymis,
957 2984 1029 3035 non
1064 2958 1198 3036 Romae
1236 2983 1259 3035 a

106 3091 275 3168 Nerone.

157 3245 200 3312 7⁰
223 3237 404 3316 Extremo
434 3241 558 3318 seculo
587 3241 720 3317 XVIII
744 3266 859 3343 prope
882 3241 1027 3345 Joppen
1053 3241 1174 3344 Syriae
1198 3241 1257 3318 de

102 3381 209 3452 tecta
232 3402 313 3454 esse
339 3378 459 3470 fertur
482 3379 578 3482 lapis
600 3378 833 3482 sepulcralis,
858 3378 955 3455 hanc
977 3379 1256 3480 inscriptionem

103 3514 290 3591 exhibens
312 3548 319 3591 :
345 3553 360 3581 a
383 3518 513 3595 Simon
531 3518 669 3596 Petrus
687 3517 893 3619 discipulus
916 3518 1008 3594 Iesu
1027 3517 1088 3593 hic
1101 3518 1215 3618 jacet.
1236 3555 1252 3582 n

163 3689 222 3771 12.
245 3693 338 3770 Haec
361 3702 585 3796 argumenta
600 3697 683 3798 jam
706 3694 989 3798 perpendamus.
1017 3695 1067 3772 Et
1090 3695 1254 3798 quidem,

156 3872 191 3935 1.
214 3855 324 3943 Quod
349 3858 395 3934 ad
415 3859 580 3960 primum
596 3883 713 3960 genus
731 3858 877 3947 attinet,
903 3883 947 3934 ex
966 3856 1113 3933 silentio
1132 3861 1257 3933 aucto·
1411 3855 1414 3862 ’

140 4189 172 4252 (1)
192 4187 304 4239 1111111.
330 4202 423 4241 11111111.
446 4192 484 4241 19.
504 4191 593 4243 olane.
613 4205 666 4243 xvi.
702 4194 721 4244 t.
741 4192 840 4246 XXVI.
860 4209 886 4262 p.
908 4195 970 4260 173).

108 4279 148 4328 15.
162 4277 225 4327 Act.
240 4288 257 4326 1.
270 4278 293 4328 8.
736 4285 766 4348 (1)
778 4281 812 4334 Jn
828 4281 928 4336 Madd.
946 4285 1020 4335 hom.
1039 4283 1069 4331 74
1083 4280 1127 4342 (al.
1147 4283 1188 4343 75)
1201 4294 1227 4330 n.
1241 4281 1256 4331 2

137 4368 441 4428 11)Μ11’111.1111111.31.
606 4425 608 4430 ,
700 4373 741 4433 (Ρ.
753 4375 784 4427 G.
799 4377 818 4427 t.
832 4374 931 4427 LVIII.
945 4390 971 4440 p.
985 4375 1051 4426 682t.

138 4461 171 4520 (st
197 4453 301 4507 Comm.
322 4462 350 4508 in
372 4457 473 4510 Madd.
494 4458 513 4510 l.
534 4472 552 4510 11
569 4461 611 4523 (Ρ.
633 4462 664 4514 L.
