3208 5150
288 515 292 530 ὓ
332 449 390 494 uin
414 449 433 493 r.
457 445 553 494 urnuu
574 446 680 494 rannus
701 445 797 493 nourr
818 446 947 506 sennan,
971 445 1031 494 erc.
1209 438 1246 496 ,17

77 615 278 714 colligere
297 612 381 690 licet
405 639 491 690 eum
512 613 632 690 multo
656 618 693 690 et
714 613 892 691 continuo
916 619 1083 716 tempore
1111 615 1245 694 Itomae

76 755 290 827 moratum
310 775 401 838 esse,
427 751 490 826 sed
512 750 635 852 potuit
659 775 757 852 saepe
781 749 865 826 inde
890 749 930 825 in
951 749 1046 828 alias
1070 751 1243 830 civitates

78 889 122 960 et
144 883 324 984 regiones
341 908 552 960 excurrere.

140 1058 208 1141 13.
234 1061 292 1137 hd
315 1067 364 1138 2¹¹¹
391 1063 441 1140 R.
470 1096 508 1144 α.
536 1062 576 1140 Si
605 1062 663 1138 vis
694 1061 823 1164 aliqua
852 1062 990 1140 inesset
1019 1063 1107 1140 huic
1136 1090 1246 1168 argu-

79 1200 236 1284 mente,
256 1202 476 1297 sequeretur
492 1223 538 1273 ex
556 1221 599 1274 eo
618 1196 860 1273 Timotheum
885 1221 959 1273 non
982 1195 1098 1273 luisse
1121 1197 1244 1302 Ephe-

78 1335 189 1409 sinae
213 1331 380 1408 ecclesiae
405 1333 649 1434 episcopum:
671 1334 752 1434 ejus
771 1331 956 1433 siquidem
974 1357 1049 1408 non
1075 1335 1245 1412 meminit

81 1467 244 1546 Paulus
274 1468 321 1544 ad
352 1468 534 1570 Ephesios
565 1469 743 1544 scribens.
783 1469 913 1568 Neque
944 1467 982 1542 in
1008 1467 1175 1570 epistolis
1198 1471 1242 1547 acl

82 1601 330 1690 Corinthios
356 1603 402 1680 ad
429 1601 600 1692 Galatas,
620 1603 667 1680 acl
689 1601 1039 1678 Thessalonicenses
1060 1602 1242 1707 aliosque,

82 1764 228 1815 corum
257 1738 439 1841 episcopis
461 1738 622 1815 salutem
644 1739 717 1814 dici
744 1738 870 1840 jussit.
897 1737 1006 1814 Unde
1029 1754 1062 1817 o.
1085 1764 1244 1840 pronum

82 1877 144 1948 cst
171 1871 362 1971 conjicere
382 1897 405 1948 a
429 1871 552 1949 Paulo
576 1872 783 1974 peculiares
806 1871 852 1948 ad
880 1871 948 1947 hos
970 1872 1161 1974 episcopos
1183 1873 1244 1950 lit-

82 2027 196 2084 teras
216 2006 352 2082 missns
371 2006 486 2082 luisse
503 2032 570 2109 pcr
587 2007 759 2084 eumdem
777 2006 840 2108 qui
855 2005 1051 2108 epistolam
1066 2006 1183 2109 ipsius
1197 2009 1243 2088 arl

81 2140 293 2217 ecclesiam
317 2139 517 2217 deferebat.

138 2319 209 2402 14.
226 2321 286 2397 Ad
304 2327 354 2397 3¹¹¹
372 2320 422 2399 R.
448 2323 710 2423 Praeterquam
733 2321 831 2421 quod
855 2321 994 2396 Petrus
1011 2321 1101 2396 tunc
1120 2319 1246 2398 Roma

83 2461 225 2536 abesse
256 2456 391 2558 potuit
420 2457 512 2533 satis
542 2460 688 2533 constat
713 2491 746 2532 ro
772 2481 903 2531 enarres
933 2453 1085 2531 nonita
1115 2454 1245 2531 stricto

85 2621 206 2672 sensu
225 2594 449 2670 sumendum
467 2617 547 2670 esse
564 2592 655 2669 locis
673 2592 824 2690 allatis(
840 2595 864 2688 ).
884 2637 930 2645 -
947 2589 1137 2678 Ceterum,
1154 2590 1184 2666 si
1199 2616 1244 2690 ex

85 2727 244 2804 silentio
264 2727 376 2804 Pauli
395 2727 440 2802 sle
458 2728 572 2804 Petro
591 2727 629 2802 in
648 2725 816 2829 epistolis
835 2749 929 2826 quas
948 2724 1073 2801 Roma
1095 2722 1245 2824 scripsit
1286 2743 1300 2820 g

87 2863 234 2937 inl'erre
257 2859 387 2937 liceret
410 2861 568 2938 Petrum
591 2865 681 2938 tunc
706 2861 840 2937 Romae
866 2883 939 2934 non
962 2856 1092 2944 fuisse,
1113 2856 1241 2931 codem

83 2999 174 3096 jure
200 2995 342 3070 inferre
365 2994 492 3070 liceret
516 3019 583 3071 nec
607 2995 731 3096 ipsum
757 2999 847 3070 tune
874 2991 925 3066 ihi
951 2989 1116 3066 adfuisse
1142 2991 1243 3065 Pau·

90 3131 169 3206 lum
197 3162 205 3206 :
237 3153 325 3206 nam
347 3129 386 3204 in
408 3128 483 3204 illis
507 3127 674 3230 epistolis
699 3125 803 3203 nulla
824 3126 869 3200 (le
891 3124 994 3200 Urbe
1016 3121 1076 3196 vel
1098 3121 1143 3195 (le
1166 3121 1242 3199 Ro-

89 3288 205 3341 mana
224 3261 384 3339 ccclesia
401 3261 560 3338 habetur
577 3261 715 3337 mentio
735 3265 745 3358 (
763 3266 789 3358 ).

141 3436 205 3520 lh.
222 3438 284 3514 Ad
302 3447 351 3516 4¹⁰
369 3438 419 3516 R.
442 3439 525 3540 lpse
542 3439 565 3514 J
568 3436 730 3539 osephus
749 3434 880 3510 scribit
900 3437 937 3530 (a)
955 3457 979 3508 a
998 3431 1146 3507 Nerone
1164 3453 1242 3505 ma-

89 3580 187 3651 trem
218 3579 260 3650 et
286 3572 484 3652 Octaviam
509 3595 680 3660 uxorem,
706 3568 919 3669 multosque
948 3565 1051 3640 viros
1077 3561 1244 3638 illustres

92 3708 207 3786 luisse
241 3706 396 3795 occisos
425 3707 489 3783 sed
520 3707 600 3808 ejus
632 3705 776 3782 scelera
806 3700 955 3779 silentio
981 3723 1021 3774 sc
1050 3695 1243 3800 praeterire

92 3843 274 3932 voluisse,
295 3841 394 3943 quod
411 3841 457 3916 de
478 3840 554 3916 illis
577 3840 700 3916 dicere
722 3836 921 3915 molestum
943 3832 1021 3909 sore
1043 3829 1243 3906 arbitrare-

94 3985 171 4067 tur,
203 3977 394 4078 multique
419 3978 500 4078 jam
530 4003 550 4052 e
582 3976 726 4053 Graecis
756 3979 793 4050 et
822 3967 1006 4050 Romanis
1033 3989 1077 4041 ea
1107 3963 1245 4063 scripto

126 4274 315 4332 merresa.
328 4285 345 4323 1.
359 4245 479 4323 iinon
492 4272 602 4324 nurv.
615 4274 653 4324 n.
688 4272 789 4330 cesar,
810 4279 920 4332 sompn-
940 4265 1035 4315 nomae
1056 4257 1243 4308 versarentur.

127 4374 154 4418 ul
166 4366 239 4416 Nam
253 4375 347 4425 neque
359 4359 455 4410 Sancti
465 4363 497 4410 cle
508 4365 586 4412 clamo
601 4361 657 4412 Cre·
724 4361 756 4424 (s)
768 4359 832 4409 Loc.
846 4358 892 4406 cit.
904 4357 930 4404 ct
940 4354 957 4404 l.
973 4351 1008 4402 ll.
1022 4363 1045 4398 c.
1063 4349 1099 4396 13.
1115 4359 1141 4394 u.
1159 4347 1178 4392 l.

99 4455 163 4500 uoa's
185 4451 274 4517 (Phil.
303 4464 340 4501 rr.
363 4450 414 4512 22),
438 4450 509 4500 sicut
529 4465 579 4502 nec
599 4451 657 4515 ipsc
1091 4521 1112 4586 b
