3180 5134
667 1059 669 1064 ·
711 1033 966 1092 arrartmx
996 1033 1041 1090 D.

494 1238 731 1289 TESTIMONIA
749 1239 935 1288 VETERUM
956 1238 1004 1286 Dis
1024 1238 1255 1286 HIPPOLYTO.

599 1483 632 1548 1.
649 1477 678 1545 E
694 1475 933 1561 scriptoribus
949 1475 1150 1545 historicis.

346 1709 380 1775 1.
405 1719 557 1773 Eussmus
580 1719 794 1772 cassamusrs
818 1715 945 1785 (claruit
963 1717 1012 1772 ia.
1036 1728 1093 1772 sec.
1117 1713 1140 1771 I
1143 1711 1181 1788 V)
1206 1715 1240 1770 Η.
1265 1716 1297 1770 Ε.
1325 1716 1374 1770 Vi.
1402 1717 1454 1772 20.

299 1843 313 1866 κ
329 1819 437 1876 Eadem
450 1819 627 1889 tempestate
641 1819 728 1875 multi
741 1818 934 1875 ecclesiastici
948 1819 1005 1874 viri
1018 1817 1154 1875 doctriua
1167 1817 1345 1876 excellentes
1361 1817 1455 1873 ilorc-

297 1917 402 1973 bant...
428 1916 507 1972 inter
527 1915 582 1972 hos
604 1915 660 1972 11111
682 1915 818 1985 Beryllus
842 1916 1055 1971 Bostrenorum
1075 1915 1107 1970 iu
1125 1915 1234 1972 Arabia
1256 1915 1452 1984 episcopus...

297 2013 437 2069 Similiter
447 2012 478 2068 et
492 2011 679 2082 Hippolytus,
693 2011 817 2068 alterius
827 2011 983 2081 cuiusdam
996 2009 1135 2066 Ecclesiae
1149 2011 1344 2080 episcopus.»
1357 2006 1395 2080 (1)

342 2137 381 2202 2.
408 2146 448 2200 lu.
473 2141 551 2199 ibid.
575 2144 621 2200 22.
644 2165 658 2188 κ
677 2141 786 2196 Eodem
809 2141 943 2210 tempore
965 2140 996 2196 et
1018 2139 1193 2210 Hippolytus
1215 2139 1294 2196 inter
1315 2137 1452 2208 piurima

295 2245 354 2299 alia
366 2245 475 2315 ingenii
488 2245 533 2300 sui
548 2245 739 2300 monumenta
752 2243 861 2300 librum
873 2243 910 2298 de
924 2243 1039 2299 Pascha
1050 2243 1217 2314 composuit
1231 2263 1238 2299 :
1254 2244 1284 2298 in
1297 2257 1355 2313 quo
1369 2243 1450 2300 tem-

295 2353 400 2410 porum
414 2341 522 2396 seriem
536 2340 713 2410 describens,
728 2339 759 2396 et
769 2354 911 2396 canonem
922 2339 1080 2409 quemdam
1090 2340 1259 2410 paschalem
1272 2353 1326 2410 per
1342 2341 1451 2397 sexde-

295 2435 353 2490 cim
367 2449 514 2491 annorum
533 2433 850 2509 circuiumxexhibens,
872 2449 950 2492 auno
970 2437 1065 2506 primo
1081 2436 1270 2506 Imperatoris
1283 2437 1449 2492 Alexandri

295 2530 545 2600 computationem
570 2529 739 2600 temporum
763 2531 990 2587 circumscribit.
1018 2533 1062 2586 Ex
1087 2528 1210 2602 ‘reliquis
1236 2533 1337 2588 autem
1362 2532 1448 2589 iliius

294 2625 413 2696 scriptis
426 2625 490 2682 haec
500 2625 570 2684 sunt
583 2639 650 2696 quac
666 2625 704 2681 ad
717 2627 853 2682 notitiam
867 2626 999 2682 nostram
1011 2627 1215 2695 pervenerunt
1229 2647 1236 2682 :
1255 2629 1286 2682 ln
1303 2641 1377 2697 opus
1390 2641 1449 2684 sex
1490 2621 1494 2626 ’

294 2721 408 2778 dierum
429 2742 436 2778 :
459 2726 490 2778 ln
510 2737 546 2779 ea
566 2737 632 2792 quae
651 2723 718 2793 port
730 2737 784 2780 sex
797 2723 859 2780 dies
872 2723 1032 2780 consecuta
1044 2724 1114 2780 sunt
1129 2742 1136 2779 :
1151 2723 1302 2780 Adversus
1316 2724 1447 2780 Marcio·

294 2835 383 2876 nem:
405 2822 436 2876 ln
456 2820 610 2876 Canticum
633 2821 832 2877 canticorum.
861 2823 892 2876 iu
915 2820 1013 2891 capita
1033 2818 1169 2891 quaedam
1192 2821 1350 2876 Ezechielis
1374 2821 1448 2876 :De

293 2916 432 2972 Pascha:
452 2916 603 2972 Adversus
626 2931 731 2974 omnes
754 2917 891 2975 haereses.
917 2917 972 2974 Sed
992 2917 1022 2973 et
1044 2917 1104 2974 alia
1125 2916 1255 2986 plurima
1272 2916 1349 2988 apud
1366 2917 1448 2974 alios

230 3027 232 3032 ·
292 3011 447 3068 asservata
460 3011 531 3068 licet
544 3012 686 3082 reperire.
704 3037 717 3062 a
732 3012 767 3084 (a)

316 3139 377 3203 “3.
405 3147 612 3202 Hissourmus
636 3145 701 3219 (απ.
726 3147 858 3219 adoino)
881 3150 916 3203 ia
939 3146 1112 3204 Chronico
1137 3150 1178 3204 od
1203 3161 1255 3205 aa.
1282 3147 1350 3205 car.
1375 3149 1445 3210 230.

164 3257 167 3264 ·
215 3305 219 3312 ,
293 3270 306 3293 u
322 3247 511 3304 Geminiauus
529 3249 685 3320 presbyter
705 3250 906 3308 antiochenus
923 3251 953 3307 et
970 3251 1145 3321 hippolytus
1161 3251 1192 3307 et
1205 3253 1340 3322 Beryllus
1360 3253 1447 3322 Epis·

292 3359 383 3413 copus
396 3345 512 3401 Arabiae
526 3348 687 3404 Bostrenus
701 3347 775 3404 clari
790 3348 950 3419 scriptores
960 3348 1116 3406 habentur.
1135 3375 1147 3396 n
1164 3347 1201 3422 (a)

334 3479 376 3546 4.
403 3483 445 3537 iu.
465 3481 512 3536 De
532 3481 626 3536 viris
645 3483 782 3540 illustr.
802 3498 870 3553 cap.
885 3486 931 3540 61.
949 3507 962 3530 κ
979 3485 1153 3555 Hippolytus
1172 3486 1327 3556 cujusdam
1342 3491 1446 3550 Eccle-

290 3587 344 3645 slae
357 3587 511 3656 episcopus
524 3582 642 3655 (nomen
655 3585 763 3655 quippe
775 3585 858 3643 urbis
871 3588 948 3644 scire
966 3603 1024 3644 non
1038 3591 1132 3663 potui)
1152 3593 1298 3650 rationem
1317 3596 1446 3655 Paschae

289 3683 517 3753 temporumque
538 3694 667 3760 canones
689 3681 808 3752 scripsit
830 3684 979 3754 usquead
1000 3687 1130 3755 primum
1146 3703 1257 3746 annum
1279 3691 1446 3753 Alexandri

290 3777 490 3852 Imperatoris,
520 3773 551 3830 et
575 3775 725 3832 sexdecim
754 3791 900 3836 annorum
926 3781 1087 3851 circulum,
1117 3799 1203 3853 quem
1230 3787 1326 3843 Gracci
1352 3789 1447 3850 ἐκκω-

289 3879 460 3952 insacratis
474 3879 592 3946 vocant,
606 3882 731 3950 reperit;
746 3882 776 3938 et
793 3883 918 3938 Eusebio
932 3883 981 3954 qui
997 3899 1087 3956 super
1106 3888 1209 3944 eodem
1224 3891 1342 3947 Pascha
1355 3905 1447 3950 cauo·

289 3997 367 4050 nem,
391 3981 493 4038 decem
512 3982 542 4038 ct
561 3996 669 4039 novem
687 3997 833 4039 annorum
852 3986 1007 4056 circulum,
1029 3988 1059 4043 id
1077 3989 1123 4047 est
1134 3988 1446 4068 casamassancia,

317 4255 345 4310 (ι)
357 4252 385 4299 Ρ.
399 4251 428 4298 G.
441 4255 459 4298 t.
472 4252 529 4298 XX.
541 4263 566 4309 p.
578 4255 629 4298 571.
906 4255 934 4312 (a)
945 4255 974 4304 P.
987 4256 1016 4304 L.
1029 4259 1047 4304 t.
1060 4257 1162 4306 xxvn.
1175 4271 1200 4316 p.
1213 4263 1264 4308 dil.

315 4333 343 4388 a)
354 4332 418 4379 ruia.
431 4344 456 4389 p.
469 4335 519 4379 sii.
