3180 5134
544 495 656 541 rnsrru.
681 497 715 540 nn
737 497 813 542 caro.
1228 481 1262 538 41

106 663 184 718 tus...
208 661 353 718 Pervenit
372 661 461 716 etiam
480 661 517 716 ad
537 675 590 717 nos
610 663 670 718 Caii
691 661 880 720 disertissimi
898 663 956 718 viri
978 662 1140 733 disputatio
1160 665 1263 721 Romae

107 757 203 815 hahita
215 758 402 829 temporibus
419 758 585 828 zephyrini,
600 759 744 834 adrersus
763 759 904 816 Proclum
922 760 1080 830 quemdam
1099 760 1261 832 cataphry-

105 871 209 925 garum
227 857 354 913 haeresis
376 857 636 926 propugnatorem.
661 859 691 914 ln
711 873 770 928 qua
790 857 850 924 iile,
872 857 944 914 dum
966 858 1209 916 adversariorum
1232 861 1262 916 in

105 953 315 1023 componendis
338 954 422 1009 novis
435 953 590 1025 scripturis
610 955 810 1012 temeritatem
830 955 861 1011 et
880 955 1036 1012 audaciam
1057 957 1188 1026 sugillat,
1203 957 1262 1014 tre

104 1051 196 1105 clecim
223 1050 324 1107 solum
349 1050 441 1106 divini
462 1051 594 1122 Apostoli
620 1045 836 1108 commemorat
863 1053 1015 1123 epistolas,
1039 1068 1106 1108 eam
1132 1068 1199 1123 qum
1223 1054 1260 1110 ad

106 1147 406 1218 Hebraeosinscripta
424 1129 470 1204 est
488 1163 556 1204 cum
576 1149 697 1219 reliquis
717 1164 775 1204 nou
789 1150 999 1207 adnumerans.
1024 1153 1099 1207 Sane
1118 1151 1182 1208 haec
1202 1152 1260 1222 epi-

104 1243 179 1300 stola
191 1244 359 1301 etiamnum
371 1259 390 1300 a
402 1245 577 1314 quibusdam
588 1245 720 1317 Apostoli
731 1259 799 1302 esse
812 1261 870 1302 non
884 1246 1026 1302 creditur.
1045 1271 1057 1294 n
1073 1245 1109 1319 (1)

147 1393 187 1460 Β.
211 1353 753 1461 H1naorsrnushevirisiiiustr.
785 1403 1260 1474 capsaucaiussuhzephy-
1363 1385 1368 1390 ¹
1439 1385 1446 1402 ‘

104 1504 167 1560 rino
188 1507 333 1563 Romanae
346 1507 427 1564 urhis
440 1509 588 1578 episcopo,
602 1509 631 1564 id
651 1508 697 1564 est
713 1509 768 1564 sub
781 1509 927 1565 Antonino
949 1508 1054 1565 Severi
1068 1508 1140 1574 filio,
1161 1505 1259 1579 dispu-

103 1601 247 1660 tationem
268 1604 426 1661 adrersum
452 1606 602 1670 Proclum,
630 1603 762 1662 Montani
785 1605 975 1672 sectatorem,
999 1605 1087 1662 valde
1112 1603 1257 1675 insignem

104 1697 217 1767 habuit,
232 1715 362 1770 arguens
375 1717 444 1758 eum
457 1702 633 1759 temeritatis
647 1717 736 1772 super
756 1717 833 1758 nova
846 1702 1003 1773 prophetia
1020 1702 1212 1769 defendenda,
1228 1703 1258 1759 et

104 1797 133 1853 in
141 1798 247 1855 eodem
259 1799 408 1856 volumine
416 1801 560 1872 Epistolas
570 1817 686 1872 quoque
695 1801 779 1857 Pauli
789 1800 932 1858 tredecim
939 1801 1056 1858 tanturn
1067 1817 1255 1867 enumerans,

105 1895 252 1954 decimam
266 1899 414 1968 quartam,
428 1914 495 1969 qnae
507 1898 603 1956 sertim
612 1899 649 1954 ad
664 1899 814 1962 Hebraeos,
830 1899 902 1954 dicit
916 1914 974 1954 non
987 1899 1052 1968 ejus
1066 1913 1145 1964 esse,
1160 1899 1211 1954 sed
1228 1899 1259 1956 et

107 1995 183 2064 apud
198 1997 349 2054 Romanos
362 2011 454 2066 usque
467 1995 554 2052 hodie
571 1997 655 2066 quasi
670 1995 754 2052 Pauli
774 1994 906 2066 Apostoli
920 2011 977 2051 non
997 1994 1133 2052 hahetur.
1152 2021 1165 2040 n
1184 1993 1220 2068 (ι)

151 2146 191 2212 ’7.
213 2158 439 2212 Taaoooanrus
462 2156 547 2212 Haer.
573 2154 650 2212 Fah.
676 2156 715 2210 li.
737 2153 764 2208 3.
788 2175 800 2196 u
824 2150 934 2207 contra
958 2149 1037 2205 huno
1063 2147 1257 2223 [Corinthum]

70 2309 80 2318 .
106 2261 207 2318 autem
222 2261 409 2331 scripserunt
422 2261 510 2316 nonii
524 2258 611 2315 modo
624 2271 698 2329 quos
711 2259 780 2314 ante
794 2253 934 2322 diximus,
949 2254 999 2311 sed
1013 2269 1082 2312 cum
1096 2254 1155 2310 illis
1168 2255 1258 2311 etiam

108 2358 193 2414 Caius
206 2359 238 2414 et
255 2357 412 2427 Dionysius
428 2355 644 2413 Alexandrinus
658 2355 828 2425 Episcopus.
846 2379 859 2399 u
878 2351 913 2423 (a)

150 2507 190 2572 8.
214 2517 350 2571 Ριιοιιυε
370 2511 454 2568 Bibl.
479 2510 548 2569 Cod.
566 2513 610 2568 Aa.
632 2511 767 2568 “Lectus
785 2511 831 2566 est
850 2508 995 2579 losephus
1015 2507 1065 2564 Dc
1085 2511 1258 2565 universo

109 2603 179 2677 (περὶ
205 2611 257 2664 τοῦ
282 2607 419 2684 Μινύης
439 2615 489 2683 qui
516 2613 591 2669 liher
612 2612 682 2673 alibi
706 2610 866 2682 inscriptus
894 2608 1004 2678 legitur
1027 2610 1070 2663 De
1097 2607 1258 2664 universi

107 2719 228 2776 causa,
259 2711 289 2765 in
316 2710 382 2766 aliis
408 2725 479 2766 vero
506 2709 589 2765 libris
622 2713 667 2765 De
697 2707 859 2764 universi
893 2701 1022 2762 natura
1049 2701 1116 2769 (aspi
1136 2703 1184 2763 ric
1209 2704 1259 2757 τοῦ

107 2807 207 2873 wirte
225 2803 335 2877 οισὶας).
357 2810 488 2879 Suntque
505 2809 596 2864 libelli
617 2809 686 2878 duo,
708 2810 814 2879 quibus
834 2823 935 2864 secum
955 2821 1087 2877 pugnare
1101 2805 1255 2861 Platonem

106 2904 200 2965 docet.
218 2911 258 2963 De
268 2908 367 2963 anima
376 2922 502 2977 quoque,
514 2907 639 2962 materia
649 2906 679 2962 et
689 2905 908 2962 resurrectione
920 2904 1076 2960 Alcinoum
1086 2903 1120 2960 ut
1130 2901 1258 2960 absurde

106 3016 139 3060 ac
149 3006 225 3062 falso
236 3006 429 3063 disserentem
439 3003 637 3074 reprehendit.
651 3007 725 3060 Suae
739 3019 810 3059 vero
821 3004 883 3072 ipse
897 3002 933 3058 de
946 3001 992 3058 his
1003 3001 1135 3076 thesibus
1147 3003 1257 3072 opinio·

108 3117 157 3159 nes
166 3103 301 3175 opponit,
309 3103 454 3172 docetque
464 3104 478 3158 J
482 3102 634 3158 udaeorum
646 3102 796 3157 nationem
809 3099 896 3170 longe
907 3115 973 3156 esse
984 3115 1073 3170 quam
1087 3103 1256 3157 Graecorum

107 3201 313 3272 antiquiorem.
336 3201 426 3256 Putat
447 3199 642 3270 compositum
666 3198 815 3254 hominem
838 3211 874 3252 ex
896 3197 974 3266 igne,
998 3195 1091 3262 terra,
1112 3210 1200 3266 aqna,
1221 3211 1257 3252 ac

106 3301 252 3367 praeterea
263 3316 281 3356 e
293 3299 409 3370 spiritu,
423 3313 511 3368 quem
524 3299 658 3354 Animam
672 3296 810 3366 appellat.
830 3299 871 3352 De
892 3311 951 3365 quo
964 3294 1071 3365 spiritu
1086 3294 1167 3350 hisce
1188 3309 1255 3350 rer-

107 3396 149 3454 his
162 3415 235 3456 usus
249 3399 294 3455 est
308 3419 313 3454 :
332 3397 426 3468 Hujus
436 3397 599 3466 principem
614 3395 729 3466 partem
740 3393 963 3464 apprehendens
975 3407 1034 3448 una
1047 3407 1115 3448 cum
1129 3406 1257 3462 corpore

107 3494 246 3551 formavit
259 3495 289 3550 et
302 3508 355 3564 per
367 3493 465 3549 omnia
485 3492 618 3548 membra
631 3491 774 3560 artusque
788 3493 867 3546 viam
881 3491 937 3560 ipsi
958 3488 1107 3560 patefecit.
1130 3489 1184 3553 Qui
1199 3488 1256 3558 spi-

107 3591 191 3658 ritus,
213 3592 330 3662 corpori
353 3589 555 3646 conformatus
577 3589 733 3659 totumque
756 3589 930 3660 pervadens,
951 3587 1055 3643 eadem
1079 3575 1257 3656 formaque

107 3701 214 3758 corpus
233 3687 289 3742 hoc
302 3687 454 3756 spectatur
466 3686 623 3756 insignitus
638 3687 683 3742 est
699 3707 705 3742 ε
722 3687 861 3742 naturam
871 3673 947 3742 'vero
959 3684 1143 3754 frigidiorem
1156 3685 1255 3750 habet,

107 3781 140 3837 ad
155 3783 215 3840 tria
228 3782 281 3837 illa
293 3797 346 3852 per
355 3797 421 3852 quae
434 3797 542 3852 corpus
556 3781 744 3852 compactum
758 3783 812 3838 est.
831 3785 899 3838 Haec
910 3781 971 3848 ille,
988 3795 1045 3836 non
1058 3781 1131 3836 satis
1141 3780 1209 3849 apte
1219 3779 1256 3834 ad

108 3879 299 3936 Hebraeorum
314 3879 349 3935 de
363 3879 489 3936 hominis
503 3879 610 3936 natura
628 3879 795 3935 doctrinam
809 3893 904 3949 neque
918 3880 991 3935 satis
1004 3893 1020 3933 e
1034 3875 1176 3947 dignitate
1189 3876 1257 3931 reli-

107 3991 232 4044 quorum
252 3991 270 4032 a
290 3991 321 4032 se
334 3975 443 4033 diserte
462 3976 641 4046 scriptorum
656 3975 800 4031 elocutus.
825 3979 865 4031 De
879 3975 982 4032 mundi
1003 3989 1119 4044 quoque
1135 3987 1256 4042 genora-

106 4070 184 4128 tione
198 4086 252 4141 per
265 4071 471 4142 compendium
484 4071 612 4128 disserit.
635 4075 675 4126 De
696 4071 814 4127 Christo
834 4072 935 4129 autem
948 4085 1020 4128 vero
1034 4072 1092 4125 Deo
1106 4068 1257 4139 aptissime

131 4379 337 4435 arimanni.
722 4376 1114 4438 (nr.o.t.uxxn111.p.aoo.

133 4461 159 4514 n)
171 4460 201 4506 ι.
212 4457 242 4504 n.
257 4459 276 4502 ι.
286 4457 379 4504 xx111.
393 4471 417 4515 p.
429 4461 479 4504 aee.
