3170 5134
509 486 569 532 cir.
594 487 634 532 ιιι.
657 486 692 532 ιιι
714 486 859 532 carcanus.
1224 473 1281 536 ici

90 653 347 756 Zephyrino
383 651 419 729 S.
451 652 496 732 P.
529 654 579 752 (ι).
602 653 700 730 -Α
730 653 877 730 ιοιιιοιι
905 653 1008 730 deest
1035 653 1136 732 Nota
1160 659 1213 730 δι.
1236 700 1283 714 -

94 791 297 892 Denique
325 789 427 866 inter
448 813 560 891 opera
584 789 760 891 Origenis
783 815 857 868 non
883 789 1076 868 invenitur
1098 793 1282 868 tractatus

100 925 311 1003 adversus
352 948 479 1001 omnes
516 924 676 1000 haerescs
711 948 830 1026 neque
864 924 910 1001 dc
945 923 1112 1002 universi
1147 925 1283 1002 natura

109 1061 221 1158 (Not.
245 1061 306 1156 2ι)
328 1059 381 1155 u·

165 1247 207 1331 2.
228 1248 350 1337 Quod
369 1247 493 1350 itaque
511 1273 646 1327 nomen
666 1248 842 1350 Origcnis
864 1248 1089 1350 inscriptum
1113 1252 1169 1325 est
1185 1247 1281 1326 libro
1308 1237 1310 1242 ¹

116 1393 248 1494 primo
268 1393 413 1467 Pirz'los.
435 1389 473 1465 in
492 1393 654 1491 quatuor
671 1388 862 1465 codicibus
880 1412 969 1464 mss
989 1387 1052 1490 qui
1072 1387 1180 1464 illum
1198 1413 1282 1465 con-

118 1525 262 1612 tinent,
285 1522 455 1631 Mediceo
473 1522 628 1611 scilicet,
645 1521 885 1612 Taurinensi,
903 1522 1110 1599 Barbcrino
1124 1526 1161 1599 et
1175 1522 1281 1600 Otto·

120 1659 308 1744 boniano‚
333 1661 371 1734 ct
391 1657 430 1733 in
453 1657 579 1734 codice
603 1657 795 1746 Parisino,
815 1657 862 1734 ad
880 1657 1150 1758 professionem
1176 1656 1282 1734 illam

120 1795 215 1874 fidei
242 1821 321 1898 qua
345 1796 571 1874 terminatur
587 1795 651 1874 lib.
680 1795 731 1886 X,
751 1796 791 1872 in
816 1795 988 1896 margine
1017 1792 1201 1896 scriptum
1226 1799 1282 1872 est
1333 1795 1335 1800 ’

119 1945 286 2028 'asciae
301 1944 351 2010 eui
365 1944 630 2026 ἰιριγέιιυςδιξωε
651 1934 687 2010 id
708 1934 988 2012 attribuendum
1008 1933 1159 2011 omnino
1183 1933 1282 2011 vide

121 2076 194 2148 tur
225 2068 423 2145 librariis:
449 2067 584 2171 quibus
610 2066 703 2144 illud
734 2069 873 2145 erroris
902 2066 963 2144 vel
993 2067 1137 2144 fraudis
1164 2091 1280 2168 genus

125 2233 208 2284 non
229 2205 323 2282 adeo
338 2205 525 2282 insuetum
538 2205 622 2283 fuit.
632 2205 817 2308 -Neque
835 2205 924 2282 huic
939 2204 1173 2307 responsioni
1188 2204 1280 2282 sciis

121 2341 300 2419 occurrit
323 2341 547 2419 Gronovius
572 2341 768 2444 allegando
792 2342 832 2418 in
851 2341 1018 2419 Mediceo
1037 2341 1162 2418 codice
1180 2341 1280 2419 hunc

118 2467 271 2554 librum
298 2477 538 2577 conjunctum
563 2501 643 2553 csse
668 2501 751 2552 cum
779 2475 865 2552 aliis
892 2476 1065 2578 operibus
1092 2501 1176 2578 quae
1199 2476 1280 2554 sine

118 2609 389 2688 controversia
410 2613 498 2687 sunt
521 2589 673 2686 illorum
692 2610 918 2712 scriptorum
943 2633 1103 2710 quorum
1127 2609 1280 2688 nomina

117 2773 208 2851 prae
226 2745 410 2824 scierunt
430 2777 437 2822 ε
459 2771 546 2823 nam
560 2746 690 2825 multae
703 2751 791 2824 sunt
808 2746 1026 2848 hujusmodi
1044 2747 1277 2850 manuscrip-

117 2887 257 2959 torum
287 2880 539 2970 collectiones,
572 2883 635 2959 ubi
666 2882 796 2985 spuria
825 2907 912 2960 curn
947 2883 1121 2984 genuinis
1158 2869 1278 2964 mirita

119 3019 232 3094 sunt.

177 3205 221 3286 3.
243 3205 376 3283 Medos
400 3232 491 3314 vero
514 3207 688 3310 loquendi
713 3233 806 3310 quos
832 3209 1058 3286 Gnormvius
1083 3212 1276 3311 tamquam

8 3407 9 3412 ,
119 3347 163 3422 in
187 3343 364 3445 genuinis
389 3343 566 3444 Origenis
588 3343 694 3421 libris
715 3346 916 3445 usurpatos
935 3341 1094 3430 notavit,
1117 3319 1298 3420 ostendit*

118 3480 317 3556 Woniuus
335 3503 406 3554 non
425 3502 506 3554 esse
523 3476 579 3552 ilii
596 3477 781 3580 proprios
799 3479 861 3554 sed
880 3483 916 3554 et
933 3476 1032 3579 apud
1051 3476 1145 3553 alios
1163 3476 1278 3581 scrip

117 3623 230 3696 tores
249 3639 390 3715 graecos
409 3612 566 3715 reperiri
584 3617 594 3712 (
610 3617 633 3712 ).

175 3805 220 3890 4.
240 3806 378 3884 Levius
396 3808 511 3885 etiam
528 3811 586 3884 est
605 3812 871 3910 argumentum
885 3806 982 3911 quod
997 3807 1107 3885 affert
1124 3807 1276 3888 Lusca·

73 4185 80 4196 .
148 4149 185 4208 (1)
201 4144 307 4196 Eusus.
320 4141 356 4194 H.
368 4141 402 4195 Ε.
413 4143 459 4193 Vi.
475 4145 505 4194 li
515 4143 584 4194 extr.
596 4143 638 4208 (P.
650 4145 681 4196 G.
717 4159 778 4208 sqq.
794 4146 905 4196 130-160.

110 4241 132 4290 t.
149 4234 218 4288 XX.
232 4247 260 4296 p.
273 4233 341 4294 55³).
749 4241 781 4290 iai
796 4235 854 4286 Has
868 4235 1063 4300 responsiones
1074 4233 1274 4286 womarcien

145 4329 180 4384 ts)
213 4321 449 4375 Confirmaticnes
474 4317 606 4384 quasdam
635 4337 684 4375 seu
719 4323 798 4374 Pras.
821 4323 964 4375 Benedici.
986 4322 1020 4372 ad
1042 4321 1110 4386 Opp.
1134 4320 1272 4386 origenis,

107 4420 169 4472 alia
189 4415 362 4482 argumenta
379 4415 476 4464 contra
491 4413 563 4465 hanc
582 4414 685 4478 opinio·
719 4431 745 4480 p.
759 4429 806 4467 xm
817 4431 876 4480 sqq.
890 4416 933 4474 [P.
948 4415 979 4466 G.
994 4417 1012 4465 t.
1026 4413 1075 4466 XI.
1087 4428 1113 4477 p.
1126 4414 1174 4479 303.

108 4521 178 4563 nam
191 4504 300 4557 videsis
315 4515 361 4566 ap.
375 4501 487 4566 cruror,
497 4515 561 4568 pag.
570 4504 602 4554 39
610 4506 680 4556 extr.
