<?xml version="1.0" encoding="UTF-8"?>
<!DOCTYPE html PUBLIC "-//W3C//DTD XHTML 1.0 Transitional//EN"
    "http://www.w3.org/TR/xhtml1/DTD/xhtml1-transitional.dtd">
<html xmlns="http://www.w3.org/1999/xhtml" xml:lang="en" lang="en">
 <head>
  <title>
</title>
<meta http-equiv="Content-Type" content="text/html;charset=utf-8" />
  <meta name='ocr-system' content='tesseract 3.04.00' />
  <meta name='ocr-capabilities' content='ocr_page ocr_carea ocr_par ocr_line ocrx_word'/>
</head>
<body>
  <div class='ocr_page' id='page_1' title='image "./dissertationess00smedgoog_0045.png"; bbox 0 0 3134 5142; ppageno 0'>
   <div class='ocr_carea' id='block_1_1' title="bbox 320 437 1155 502">
    <p class='ocr_par' dir='ltr' id='par_1_1' title="bbox 320 437 1155 502">
     <span class='ocr_line' id='line_1_1' title="bbox 320 437 1155 502; baseline 0.004 -6"><span class='ocrx_word' id='word_1_1' title='bbox 320 437 358 496; x_wconf 79' lang='lat'>30</span> <span class='ocrx_word' id='word_1_2' title='bbox 625 453 696 500; x_wconf 84' lang='lat' dir='ltr'>uus.</span> <span class='ocrx_word' id='word_1_3' title='bbox 721 457 738 500; x_wconf 88' lang='grc' dir='ltr'>ι.</span> <span class='ocrx_word' id='word_1_4' title='bbox 765 457 799 498; x_wconf 85' lang='lat' dir='ltr'>uu</span> <span class='ocrx_word' id='word_1_5' title='bbox 821 457 889 502; x_wconf 86' lang='lat' dir='ltr'>non.</span> <span class='ocrx_word' id='word_1_6' title='bbox 914 457 938 500; x_wconf 87' lang='lat' dir='ltr'>s.</span> <span class='ocrx_word' id='word_1_7' title='bbox 964 455 1044 501; x_wconf 80' lang='lat' dir='ltr'>nurui</span> <span class='ocrx_word' id='word_1_8' title='bbox 1068 456 1155 502; x_wconf 80' lang='lat' dir='ltr'>russo.</span> 
     </span>
    </p>
   </div>
   <div class='ocr_carea' id='block_1_2' title="bbox 317 603 1495 860">
    <p class='ocr_par' dir='ltr' id='par_1_2' title="bbox 317 603 1495 860">
     <span class='ocr_line' id='line_1_2' title="bbox 318 603 1495 724; baseline 0.001 -27"><span class='ocrx_word' id='word_1_9' title='bbox 318 621 446 724; x_wconf 83' lang='lat' dir='ltr'>paucis</span> <span class='ocrx_word' id='word_1_10' title='bbox 477 620 667 712; x_wconf 89' lang='lat' dir='ltr'>mensibus</span> <span class='ocrx_word' id='word_1_11' title='bbox 697 625 784 696; x_wconf 88' lang='lat' dir='ltr'>ante</span> <span class='ocrx_word' id='word_1_12' title='bbox 814 621 957 698; x_wconf 89' lang='lat' dir='ltr'>obitum</span> <span class='ocrx_word' id='word_1_13' title='bbox 988 645 1098 696; x_wconf 91' lang='lat' dir='ltr'>suum</span> <span class='ocrx_word' id='word_1_14' title='bbox 1130 603 1295 698; x_wconf 87' lang='lat' dir='ltr'>Romam</span> <span class='ocrx_word' id='word_1_15' title='bbox 1323 624 1495 698; x_wconf 84' lang='lat' dir='ltr'>venisse</span> 
     </span>
     <span class='ocr_line' id='line_1_3' title="bbox 317 758 1494 860; baseline 0 -26"><span class='ocrx_word' id='word_1_16' title='bbox 317 783 361 834; x_wconf 92' lang='lat' dir='ltr'>ac</span> <span class='ocrx_word' id='word_1_17' title='bbox 391 759 545 860; x_wconf 81' lang='lat' dir='ltr'>proinde</span> <span class='ocrx_word' id='word_1_18' title='bbox 579 759 704 834; x_wconf 88' lang='lat' dir='ltr'>minus</span> <span class='ocrx_word' id='word_1_19' title='bbox 739 784 836 834; x_wconf 90' lang='lat' dir='ltr'>anno</span> <span class='ocrx_word' id='word_1_20' title='bbox 871 758 1017 858; x_wconf 82' lang='lat' dir='ltr'>integro</span> <span class='ocrx_word' id='word_1_21' title='bbox 1051 758 1129 834; x_wconf 86' lang='lat' dir='ltr'>illic</span> <span class='ocrx_word' id='word_1_22' title='bbox 1164 765 1364 836; x_wconf 87' lang='lat' dir='ltr'>versatum</span> <span class='ocrx_word' id='word_1_23' title='bbox 1399 785 1494 835; x_wconf 79' lang='lat' dir='ltr'>esse</span> 
     </span>
    </p>
   </div>
   <div class='ocr_carea' id='block_1_3' title="bbox 317 893 536 970">
    <p class='ocr_par' dir='ltr' id='par_1_3' title="bbox 317 893 536 970">
     <span class='ocr_line' id='line_1_4' title="bbox 317 893 536 970; baseline -0.005 0"><span class='ocrx_word' id='word_1_24' title='bbox 317 893 536 970; x_wconf 77' lang='lat' dir='ltr'><strong>arbitratur.</strong></span> 
     </span>
    </p>
   </div>
   <div class='ocr_carea' id='block_1_4' title="bbox 603 1088 1058 1168">
    <p class='ocr_par' dir='ltr' id='par_1_4' title="bbox 603 1088 1058 1168">
     <span class='ocr_line' id='line_1_5' title="bbox 603 1088 1058 1168; baseline -0.002 -2"><span class='ocrx_word' id='word_1_25' title='bbox 603 1088 606 1092; x_wconf 84' lang='grc'><strong>’</strong></span> <span class='ocrx_word' id='word_1_26' title='bbox 708 1108 997 1168; x_wconf 67' lang='lat' dir='ltr'>surrectus</span> <span class='ocrx_word' id='word_1_27' title='bbox 1032 1110 1058 1166; x_wconf 87' lang='lat'>1.</span> 
     </span>
    </p>
   </div>
   <div class='ocr_carea' id='block_1_5' title="bbox 518 1348 1260 1398">
    <p class='ocr_par' dir='ltr' id='par_1_5' title="bbox 518 1348 1260 1398">
     <span class='ocr_line' id='line_1_6' title="bbox 518 1348 1260 1398; baseline -0.004 -3"><span class='ocrx_word' id='word_1_28' title='bbox 518 1350 563 1396; x_wconf 79' lang='lat' dir='ltr'>DE</span> <span class='ocrx_word' id='word_1_29' title='bbox 591 1350 841 1397; x_wconf 78' lang='lat' dir='ltr'>nneunnnris</span> <span class='ocrx_word' id='word_1_30' title='bbox 869 1351 998 1398; x_wconf 76' lang='lat' dir='ltr'><strong>PRIMAE</strong></span> <span class='ocrx_word' id='word_1_31' title='bbox 1023 1348 1260 1398; x_wconf 71' lang='lat' dir='ltr'><strong>SENTENTIAE.</strong></span> 
     </span>
    </p>
   </div>
   <div class='ocr_carea' id='block_1_6' title="bbox 365 1583 1482 1684">
    <p class='ocr_par' dir='ltr' id='par_1_6' title="bbox 365 1583 1482 1684">
     <span class='ocr_line' id='line_1_7' title="bbox 365 1583 1482 1684; baseline -0.004 -20"><span class='ocrx_word' id='word_1_32' title='bbox 365 1583 400 1664; x_wconf 77' lang='lat'>2.</span> <span class='ocrx_word' id='word_1_33' title='bbox 428 1587 521 1661; x_wconf 71' lang='lat' dir='ltr'>Haec</span> <span class='ocrx_word' id='word_1_34' title='bbox 547 1584 733 1662; x_wconf 86' lang='lat' dir='ltr'>sententia</span> <span class='ocrx_word' id='word_1_35' title='bbox 758 1584 997 1684; x_wconf 75' lang='lat' dir='ltr'>sequentibus</span> <span class='ocrx_word' id='word_1_36' title='bbox 1035 1583 1169 1660; x_wconf 90' lang='lat' dir='ltr'>nititur</span> <span class='ocrx_word' id='word_1_37' title='bbox 1198 1585 1437 1662; x_wconf 79' lang='lat' dir='ltr'>testimoniis</span> <span class='ocrx_word' id='word_1_38' title='bbox 1474 1617 1482 1660; x_wconf 95' lang='lat'>:</span> 
     </span>
    </p>
   </div>
   <div class='ocr_carea' id='block_1_7' title="bbox 312 1753 1485 2260">
    <p class='ocr_par' dir='ltr' id='par_1_7' title="bbox 312 1753 1485 2260">
     <span class='ocr_line' id='line_1_8' title="bbox 363 1753 1485 1856; baseline -0.007 -14"><span class='ocrx_word' id='word_1_39' title='bbox 363 1777 397 1842; x_wconf 88' lang='lat'>1.</span> <span class='ocrx_word' id='word_1_40' title='bbox 436 1759 626 1836; x_wconf 83' lang='lat' dir='ltr'>Eusnurus</span> <span class='ocrx_word' id='word_1_41' title='bbox 664 1756 703 1832; x_wconf 93' lang='lat' dir='ltr'>in</span> <span class='ocrx_word' id='word_1_42' title='bbox 744 1759 923 1834; x_wconf 73' lang='lat' dir='ltr'>Chronico</span> <span class='ocrx_word' id='word_1_43' title='bbox 961 1755 1007 1831; x_wconf 90' lang='lat' dir='ltr'>ad</span> <span class='ocrx_word' id='word_1_44' title='bbox 1046 1780 1107 1831; x_wconf 90' lang='lat' dir='ltr'>an.</span> <span class='ocrx_word' id='word_1_45' title='bbox 1148 1754 1231 1832; x_wconf 84' lang='lat' dir='ltr'>Caii</span> <span class='ocrx_word' id='word_1_46' title='bbox 1276 1753 1407 1856; x_wconf 82' lang='lat' dir='ltr'>Calig.</span> <span class='ocrx_word' id='word_1_47' title='bbox 1457 1765 1485 1834; x_wconf 83' lang='lat'><strong>3</strong></span> 
     </span>
     <span class='ocr_line' id='line_1_9' title="bbox 312 1889 1482 1993; baseline -0.002 -22"><span class='ocrx_word' id='word_1_48' title='bbox 312 1894 419 1992; x_wconf 86' lang='lat' dir='ltr'>(Chr.</span> <span class='ocrx_word' id='word_1_49' title='bbox 458 1895 521 1990; x_wconf 78' lang='lat'>40)</span> <span class='ocrx_word' id='word_1_50' title='bbox 557 1922 563 1966; x_wconf 93' lang='lat'>:</span> <span class='ocrx_word' id='word_1_51' title='bbox 601 1928 616 1955; x_wconf 59' lang='grc' dir='ltr'>ε</span> <span class='ocrx_word' id='word_1_52' title='bbox 651 1893 788 1966; x_wconf 88' lang='lat' dir='ltr'>Petrus</span> <span class='ocrx_word' id='word_1_53' title='bbox 819 1889 1010 1992; x_wconf 86' lang='lat' dir='ltr'>apostolus</span> <span class='ocrx_word' id='word_1_54' title='bbox 1046 1890 1138 1987; x_wconf 87' lang='lat' dir='ltr'>(ait),</span> <span class='ocrx_word' id='word_1_55' title='bbox 1174 1915 1260 1966; x_wconf 89' lang='lat' dir='ltr'>cum</span> <span class='ocrx_word' id='word_1_56' title='bbox 1295 1891 1482 1993; x_wconf 89' lang='lat' dir='ltr'>primum</span> 
     </span>
     <span class='ocr_line' id='line_1_10' title="bbox 314 2024 1477 2112; baseline 0.003 -10"><span class='ocrx_word' id='word_1_57' title='bbox 314 2025 624 2102; x_wconf 75' lang='lat' dir='ltr'>-bntiochenam</span> <span class='ocrx_word' id='word_1_58' title='bbox 658 2024 853 2100; x_wconf 88' lang='lat' dir='ltr'>ecclesiam</span> <span class='ocrx_word' id='word_1_59' title='bbox 887 2024 1099 2112; x_wconf 76' lang='lat' dir='ltr'>fundasset,</span> <span class='ocrx_word' id='word_1_60' title='bbox 1142 2025 1305 2102; x_wconf 84' lang='lat' dir='ltr'>Romam</span> <span class='ocrx_word' id='word_1_61' title='bbox 1341 2027 1477 2105; x_wconf 87' lang='lat' dir='ltr'>mitti-</span> 
     </span>
     <span class='ocr_line' id='line_1_11' title="bbox 312 2156 1476 2260; baseline 0.002 -25"><span class='ocrx_word' id='word_1_62' title='bbox 312 2197 328 2224; x_wconf 54' lang='grc'><strong><em>»</em></strong></span> <span class='ocrx_word' id='word_1_63' title='bbox 350 2163 426 2247; x_wconf 87' lang='lat' dir='ltr'>tur,</span> <span class='ocrx_word' id='word_1_64' title='bbox 452 2157 576 2258; x_wconf 84' lang='lat' dir='ltr'>ibique</span> <span class='ocrx_word' id='word_1_65' title='bbox 598 2156 836 2258; x_wconf 81' lang='lat' dir='ltr'>evangelium</span> <span class='ocrx_word' id='word_1_66' title='bbox 860 2157 1068 2258; x_wconf 83' lang='lat' dir='ltr'>praedicans</span> <span class='ocrx_word' id='word_1_67' title='bbox 1095 2157 1205 2234; x_wconf 81' lang='lat' dir='ltr'>XXV</span> <span class='ocrx_word' id='word_1_68' title='bbox 1227 2159 1335 2235; x_wconf 90' lang='lat' dir='ltr'>annis</span> <span class='ocrx_word' id='word_1_69' title='bbox 1359 2161 1393 2260; x_wconf 83' lang='lat' dir='ltr'>ej</span> <span class='ocrx_word' id='word_1_70' title='bbox 1402 2187 1476 2237; x_wconf 86' lang='lat' dir='ltr'>us-</span> 
     </span>
    </p>
   </div>
   <div class='ocr_carea' id='block_1_8' title="bbox 311 2295 1151 2397">
    <p class='ocr_par' dir='ltr' id='par_1_8' title="bbox 311 2295 1151 2397">
     <span class='ocr_line' id='line_1_12' title="bbox 311 2295 1151 2397; baseline 0.001 -27"><span class='ocrx_word' id='word_1_71' title='bbox 311 2334 326 2362; x_wconf 82' lang='grc'>.·</span> <span class='ocrx_word' id='word_1_72' title='bbox 349 2298 431 2372; x_wconf 85' lang='lat' dir='ltr'>dem</span> <span class='ocrx_word' id='word_1_73' title='bbox 458 2296 561 2372; x_wconf 91' lang='lat' dir='ltr'>urbis</span> <span class='ocrx_word' id='word_1_74' title='bbox 588 2295 782 2397; x_wconf 88' lang='lat' dir='ltr'>episcopus</span> <span class='ocrx_word' id='word_1_75' title='bbox 808 2300 1034 2396; x_wconf 87' lang='lat' dir='ltr'>perseverat.</span> <span class='ocrx_word' id='word_1_76' title='bbox 1068 2333 1083 2360; x_wconf 55' lang='lat' dir='ltr'><em>v</em></span> <span class='ocrx_word' id='word_1_77' title='bbox 1114 2299 1151 2394; x_wconf 82' lang='lat'>(1)</span> 
     </span>
    </p>
   </div>
   <div class='ocr_carea' id='block_1_9' title="bbox 294 2576 1534 4522">
    <p class='ocr_par' dir='ltr' id='par_1_9' title="bbox 294 2576 1534 4522">
     <span class='ocr_line' id='line_1_13' title="bbox 338 2576 1472 2642; baseline 0.002 -13"><span class='ocrx_word' id='word_1_78' title='bbox 338 2579 368 2642; x_wconf 83' lang='grc' dir='ltr'>(ι)</span> <span class='ocrx_word' id='word_1_79' title='bbox 386 2579 427 2629; x_wconf 88' lang='lat' dir='ltr'>lta</span> <span class='ocrx_word' id='word_1_80' title='bbox 439 2577 549 2640; x_wconf 82' lang='lat' dir='ltr'>quidem</span> <span class='ocrx_word' id='word_1_81' title='bbox 562 2577 646 2626; x_wconf 87' lang='lat' dir='ltr'>editio</span> <span class='ocrx_word' id='word_1_82' title='bbox 659 2577 785 2627; x_wconf 87' lang='lat' dir='ltr'>Romana</span> <span class='ocrx_word' id='word_1_83' title='bbox 802 2576 860 2640; x_wconf 84' lang='lat' dir='ltr'>(sen</span> <span class='ocrx_word' id='word_1_84' title='bbox 894 2590 921 2640; x_wconf 92' lang='lat' dir='ltr'>p.</span> <span class='ocrx_word' id='word_1_85' title='bbox 935 2577 1000 2634; x_wconf 74' lang='lat'><strong>375).</strong></span> <span class='ocrx_word' id='word_1_86' title='bbox 1016 2577 1051 2628; x_wconf 84' lang='lat' dir='ltr'>nt</span> <span class='ocrx_word' id='word_1_87' title='bbox 1066 2578 1101 2628; x_wconf 83' lang='lat' dir='ltr'>ed</span> <span class='ocrx_word' id='word_1_88' title='bbox 1116 2592 1161 2629; x_wconf 86' lang='lat' dir='ltr'>an.</span> <span class='ocrx_word' id='word_1_89' title='bbox 1176 2577 1296 2628; x_wconf 78' lang='lat' dir='ltr'>Abrabae</span> <span class='ocrx_word' id='word_1_90' title='bbox 1312 2579 1386 2639; x_wconf 89' lang='grc'>2083,</span> <span class='ocrx_word' id='word_1_91' title='bbox 1404 2580 1472 2632; x_wconf 79' lang='lat' dir='ltr'>Ne-</span> 
     </span>
     <span class='ocr_line' id='line_1_14' title="bbox 306 2667 1472 2734; baseline 0 -13"><span class='ocrx_word' id='word_1_92' title='bbox 306 2671 396 2734; x_wconf 88' lang='lat' dir='ltr'>tortia)</span> <span class='ocrx_word' id='word_1_93' title='bbox 425 2669 575 2720; x_wconf 81' lang='lat' dir='ltr'>Eusebiani</span> <span class='ocrx_word' id='word_1_94' title='bbox 605 2668 735 2718; x_wconf 83' lang='lat' dir='ltr'>chronici</span> <span class='ocrx_word' id='word_1_95' title='bbox 757 2667 800 2729; x_wconf 88' lang='lat' dir='ltr'>(P.</span> <span class='ocrx_word' id='word_1_96' title='bbox 828 2668 859 2717; x_wconf 88' lang='lat' dir='ltr'>G.</span> <span class='ocrx_word' id='word_1_97' title='bbox 895 2668 971 2718; x_wconf 87' lang='lat' dir='ltr'>roais</span> <span class='ocrx_word' id='word_1_98' title='bbox 991 2669 1044 2718; x_wconf 79' lang='lat'>13:</span> <span class='ocrx_word' id='word_1_99' title='bbox 1066 2669 1169 2719; x_wconf 71' lang='lat' dir='ltr'>aNero</span> <span class='ocrx_word' id='word_1_100' title='bbox 1186 2669 1331 2719; x_wconf 83' lang='lat' dir='ltr'>adcetera</span> <span class='ocrx_word' id='word_1_101' title='bbox 1348 2669 1472 2723; x_wconf 82' lang='lat' dir='ltr'>scelera</span> 
     </span>
     <span class='ocr_line' id='line_1_15' title="bbox 302 2757 1468 2825; baseline 0.001 -14"><span class='ocrx_word' id='word_1_102' title='bbox 302 2764 321 2812; x_wconf 90' lang='lat' dir='ltr'>t.</span> <span class='ocrx_word' id='word_1_103' title='bbox 335 2760 409 2810; x_wconf 81' lang='lat' dir='ltr'>XIX.</span> <span class='ocrx_word' id='word_1_104' title='bbox 421 2775 447 2825; x_wconf 90' lang='lat' dir='ltr'>p.</span> <span class='ocrx_word' id='word_1_105' title='bbox 459 2761 526 2822; x_wconf 82' lang='lat'><strong>539).</strong></span> <span class='ocrx_word' id='word_1_106' title='bbox 535 2759 630 2809; x_wconf 88' lang='lat' dir='ltr'>Prima</span> <span class='ocrx_word' id='word_1_107' title='bbox 641 2761 734 2809; x_wconf 86' lang='lat' dir='ltr'>autem</span> <span class='ocrx_word' id='word_1_108' title='bbox 744 2759 858 2822; x_wconf 84' lang='lat' dir='ltr'>(Medio-</span> <span class='ocrx_word' id='word_1_109' title='bbox 893 2781 905 2800; x_wconf 67' lang='lat' dir='ltr'>w</span> <span class='ocrx_word' id='word_1_110' title='bbox 919 2759 1140 2823; x_wconf 82' lang='lat' dir='ltr'>persecutionem</span> <span class='ocrx_word' id='word_1_111' title='bbox 1158 2772 1267 2822; x_wconf 86' lang='lat' dir='ltr'>quoquc</span> <span class='ocrx_word' id='word_1_112' title='bbox 1282 2757 1468 2812; x_wconf 81' lang='lat' dir='ltr'>Christiano-</span> 
     </span>
     <span class='ocr_line' id='line_1_16' title="bbox 302 2846 1467 2914; baseline 0.004 -16"><span class='ocrx_word' id='word_1_113' title='bbox 302 2849 433 2903; x_wconf 80' lang='lat' dir='ltr'>lanensis)</span> <span class='ocrx_word' id='word_1_114' title='bbox 451 2849 533 2899; x_wconf 86' lang='lat' dir='ltr'>habet</span> <span class='ocrx_word' id='word_1_115' title='bbox 552 2846 609 2896; x_wconf 83' lang='lat' dir='ltr'>XX</span> <span class='ocrx_word' id='word_1_116' title='bbox 622 2851 719 2908; x_wconf 64' lang='lat' dir='ltr'>arania·</span> <span class='ocrx_word' id='word_1_117' title='bbox 738 2850 859 2899; x_wconf 85' lang='lat' dir='ltr'>secunda</span> <span class='ocrx_word' id='word_1_118' title='bbox 893 2871 905 2886; x_wconf 62' lang='grc' dir='ltr'><em>ν</em></span> <span class='ocrx_word' id='word_1_119' title='bbox 919 2863 980 2900; x_wconf 90' lang='lat' dir='ltr'>rum</span> <span class='ocrx_word' id='word_1_120' title='bbox 993 2849 1243 2914; x_wconf 82' lang='lat' dir='ltr'>priinusadjunxit,</span> <span class='ocrx_word' id='word_1_121' title='bbox 1255 2850 1467 2913; x_wconf 84' lang='lat' dir='ltr'>subquovide-</span> 
     </span>
     <span class='ocr_line' id='line_1_17' title="bbox 300 2935 1465 3004; baseline 0.006 -18"><span class='ocrx_word' id='word_1_122' title='bbox 300 2951 364 2988; x_wconf 87' lang='lat' dir='ltr'>vero</span> <span class='ocrx_word' id='word_1_123' title='bbox 374 2937 610 3002; x_wconf 56' lang='lat' dir='ltr'>(Venetatmipintr&#39;</span> <span class='ocrx_word' id='word_1_124' title='bbox 619 2935 757 3003; x_wconf 81' lang='lat' dir='ltr'>[quinque]</span> <span class='ocrx_word' id='word_1_125' title='bbox 769 2953 775 2986; x_wconf 91' lang='lat'><strong>:</strong></span> <span class='ocrx_word' id='word_1_126' title='bbox 787 2939 859 3000; x_wconf 77' lang='lat' dir='ltr'>quod</span> <span class='ocrx_word' id='word_1_127' title='bbox 895 2962 907 2981; x_wconf 63' lang='lat' dir='ltr'>n</span> <span class='ocrx_word' id='word_1_128' title='bbox 921 2938 985 2989; x_wconf 87' lang='lat' dir='ltr'>licet</span> <span class='ocrx_word' id='word_1_129' title='bbox 993 2939 1093 2990; x_wconf 86' lang='lat' dir='ltr'>Petrus</span> <span class='ocrx_word' id='word_1_130' title='bbox 1101 2939 1373 3004; x_wconf 84' lang='lat' dir='ltr'>etPaulusApostoli</span> <span class='ocrx_word' id='word_1_131' title='bbox 1381 2955 1465 2993; x_wconf 81' lang='lat' dir='ltr'>mar-</span> 
     </span>
     <span class='ocr_line' id='line_1_18' title="bbox 300 3025 1461 3094; baseline 0.003 -18"><span class='ocrx_word' id='word_1_132' title='bbox 300 3025 438 3091; x_wconf 87' lang='lat' dir='ltr'>postsrius</span> <span class='ocrx_word' id='word_1_133' title='bbox 456 3026 570 3076; x_wconf 83' lang='lat' dir='ltr'>verbum</span> <span class='ocrx_word' id='word_1_134' title='bbox 586 3025 625 3075; x_wconf 77' lang='lat' dir='ltr'>ita</span> <span class='ocrx_word' id='word_1_135' title='bbox 643 3025 752 3076; x_wconf 90' lang='lat' dir='ltr'>uncinis</span> <span class='ocrx_word' id='word_1_136' title='bbox 768 3026 854 3078; x_wconf 89' lang='lat' dir='ltr'>iuclu-</span> <span class='ocrx_word' id='word_1_137' title='bbox 893 3051 905 3068; x_wconf 63' lang='grc' dir='ltr'><strong>υ</strong></span> <span class='ocrx_word' id='word_1_138' title='bbox 919 3027 1021 3092; x_wconf 85' lang='lat' dir='ltr'>tyrium</span> <span class='ocrx_word' id='word_1_139' title='bbox 1039 3028 1135 3080; x_wconf 84' lang='lat' dir='ltr'>Romae</span> <span class='ocrx_word' id='word_1_140' title='bbox 1151 3032 1429 3094; x_wconf 81' lang='lat' dir='ltr'>consummaverunt.</span> <span class='ocrx_word' id='word_1_141' title='bbox 1447 3055 1461 3074; x_wconf 54' lang='grc' dir='ltr'><strong>ν</strong></span> 
     </span>
     <span class='ocr_line' id='line_1_19' title="bbox 300 3114 1461 3178; baseline 0.007 -14"><span class='ocrx_word' id='word_1_142' title='bbox 300 3129 361 3165; x_wconf 89' lang='lat' dir='ltr'>sum</span> <span class='ocrx_word' id='word_1_143' title='bbox 380 3117 420 3166; x_wconf 86' lang='lat' dir='ltr'>est</span> <span class='ocrx_word' id='word_1_144' title='bbox 432 3117 490 3166; x_wconf 88' lang='lat' dir='ltr'>tum</span> <span class='ocrx_word' id='word_1_145' title='bbox 507 3114 537 3165; x_wconf 91' lang='lat' dir='ltr'>in</span> <span class='ocrx_word' id='word_1_146' title='bbox 548 3114 636 3165; x_wconf 84' lang='lat' dir='ltr'>latina</span> <span class='ocrx_word' id='word_1_147' title='bbox 648 3115 782 3176; x_wconf 82' lang='lat' dir='ltr'>versione,</span> <span class='ocrx_word' id='word_1_148' title='bbox 799 3119 857 3168; x_wconf 84' lang='lat' dir='ltr'>turn</span> <span class='ocrx_word' id='word_1_149' title='bbox 892 3117 968 3168; x_wconf 83' lang='lat' dir='ltr'>inter</span> <span class='ocrx_word' id='word_1_150' title='bbox 990 3131 1036 3168; x_wconf 88' lang='lat' dir='ltr'>an.</span> <span class='ocrx_word' id='word_1_151' title='bbox 1060 3121 1153 3170; x_wconf 86' lang='lat' dir='ltr'>autern</span> <span class='ocrx_word' id='word_1_152' title='bbox 1174 3121 1294 3170; x_wconf 75' lang='lat' dir='ltr'>Abrahae</span> <span class='ocrx_word' id='word_1_153' title='bbox 1317 3120 1396 3178; x_wconf 87' lang='grc'>2083,</span> <span class='ocrx_word' id='word_1_154' title='bbox 1422 3123 1461 3172; x_wconf 86' lang='lat' dir='ltr'>ad</span> 
     </span>
     <span class='ocr_line' id='line_1_20' title="bbox 299 3192 1534 3276; baseline 0.009 -22"><span class='ocrx_word' id='word_1_155' title='bbox 299 3203 327 3276; x_wconf 85' lang='lat' dir='ltr'>in</span> <span class='ocrx_word' id='word_1_156' title='bbox 351 3204 411 3268; x_wconf 81' lang='lat' dir='ltr'>ipso</span> <span class='ocrx_word' id='word_1_157' title='bbox 431 3205 507 3254; x_wconf 86' lang='lat' dir='ltr'>textu</span> <span class='ocrx_word' id='word_1_158' title='bbox 531 3203 697 3256; x_wconf 83' lang='lat' dir='ltr'>armeniaco.</span> <span class='ocrx_word' id='word_1_159' title='bbox 721 3205 857 3264; x_wconf 86' lang='lat' dir='ltr'>Quidnam</span> <span class='ocrx_word' id='word_1_160' title='bbox 891 3221 973 3270; x_wconf 86' lang='lat' dir='ltr'>quem</span> <span class='ocrx_word' id='word_1_161' title='bbox 994 3192 1113 3259; x_wconf 79' lang='lat' dir='ltr'>refertur</span> <span class='ocrx_word' id='word_1_162' title='bbox 1133 3209 1296 3274; x_wconf 84' lang='lat' dir='ltr'>martyrium</span> <span class='ocrx_word' id='word_1_163' title='bbox 1313 3209 1407 3272; x_wconf 85' lang='lat' dir='ltr'>Petri,</span> <span class='ocrx_word' id='word_1_164' title='bbox 1430 3216 1461 3264; x_wconf 83' lang='lat' dir='ltr'>et</span> <span class='ocrx_word' id='word_1_165' title='bbox 1527 3237 1534 3254; x_wconf 64' lang='grc' dir='ltr'>ι</span> 
     </span>
     <span class='ocr_line' id='line_1_21' title="bbox 298 3294 1458 3360; baseline 0.003 -14"><span class='ocrx_word' id='word_1_166' title='bbox 298 3297 391 3346; x_wconf 70' lang='lat' dir='ltr'>summ</span> <span class='ocrx_word' id='word_1_167' title='bbox 416 3295 560 3345; x_wconf 81' lang='lat' dir='ltr'>adduxerit</span> <span class='ocrx_word' id='word_1_168' title='bbox 583 3294 663 3346; x_wconf 86' lang='lat' dir='ltr'>Card.</span> <span class='ocrx_word' id='word_1_169' title='bbox 688 3294 792 3345; x_wconf 86' lang='lat' dir='ltr'>Maium</span> <span class='ocrx_word' id='word_1_170' title='bbox 819 3295 854 3345; x_wconf 85' lang='lat' dir='ltr'>ad</span> <span class='ocrx_word' id='word_1_171' title='bbox 889 3309 933 3346; x_wconf 82' lang='lat' dir='ltr'>aa.</span> <span class='ocrx_word' id='word_1_172' title='bbox 953 3297 1032 3360; x_wconf 83' lang='grc'>2055,</span> <span class='ocrx_word' id='word_1_173' title='bbox 1051 3297 1085 3347; x_wconf 87' lang='lat' dir='ltr'>ad</span> <span class='ocrx_word' id='word_1_174' title='bbox 1105 3311 1186 3360; x_wconf 88' lang='lat' dir='ltr'>quem</span> <span class='ocrx_word' id='word_1_175' title='bbox 1204 3299 1323 3348; x_wconf 78' lang='lat' dir='ltr'>refertur</span> <span class='ocrx_word' id='word_1_176' title='bbox 1339 3296 1458 3350; x_wconf 85' lang='lat' dir='ltr'>initium</span> 
     </span>
     <span class='ocr_line' id='line_1_22' title="bbox 298 3383 1458 3450; baseline 0.003 -16"><span class='ocrx_word' id='word_1_177' title='bbox 298 3384 521 3434; x_wconf 83' lang='lat' dir='ltr'>substituendum</span> <span class='ocrx_word' id='word_1_178' title='bbox 543 3383 619 3434; x_wconf 76' lang='lat' dir='ltr'>XXV</span> <span class='ocrx_word' id='word_1_179' title='bbox 642 3397 691 3447; x_wconf 89' lang='lat' dir='ltr'>pro</span> <span class='ocrx_word' id='word_1_180' title='bbox 715 3384 775 3442; x_wconf 80' lang='lat' dir='ltr'>XX,</span> <span class='ocrx_word' id='word_1_181' title='bbox 797 3385 856 3448; x_wconf 85' lang='lat' dir='ltr'>ipse</span> <span class='ocrx_word' id='word_1_182' title='bbox 890 3386 949 3447; x_wconf 84' lang='lat' dir='ltr'>ejus</span> <span class='ocrx_word' id='word_1_183' title='bbox 965 3386 1141 3450; x_wconf 78' lang='lat' dir='ltr'>episcopatus</span> <span class='ocrx_word' id='word_1_184' title='bbox 1159 3385 1288 3446; x_wconf 86' lang='lat' dir='ltr'>Romani,</span> <span class='ocrx_word' id='word_1_185' title='bbox 1307 3388 1339 3436; x_wconf 82' lang='grc'>27</span> <span class='ocrx_word' id='word_1_186' title='bbox 1357 3385 1400 3436; x_wconf 82' lang='lat' dir='ltr'>vol</span> <span class='ocrx_word' id='word_1_187' title='bbox 1423 3389 1458 3438; x_wconf 76' lang='grc'>20</span> 
     </span>
     <span class='ocr_line' id='line_1_23' title="bbox 298 3460 1459 3540; baseline 0.003 -15"><span class='ocrx_word' id='word_1_188' title='bbox 298 3473 855 3538; x_wconf 75' lang='lat' dir='ltr'>uousigniiicat3sedexpraesationeeJus</span> <span class='ocrx_word' id='word_1_189' title='bbox 889 3475 954 3524; x_wconf 82' lang='lat' dir='ltr'>enni</span> <span class='ocrx_word' id='word_1_190' title='bbox 973 3460 1168 3540; x_wconf 81' lang='lat' dir='ltr'>computantur</span> <span class='ocrx_word' id='word_1_191' title='bbox 1186 3491 1193 3525; x_wconf 92' lang='lat'>:</span> <span class='ocrx_word' id='word_1_192' title='bbox 1212 3475 1261 3538; x_wconf 88' lang='lat' dir='ltr'>qui</span> <span class='ocrx_word' id='word_1_193' title='bbox 1280 3475 1459 3528; x_wconf 82' lang='lat' dir='ltr'>reducuntur</span> 
     </span>
     <span class='ocr_line' id='line_1_24' title="bbox 298 3561 1456 3627; baseline 0.003 -14"><span class='ocrx_word' id='word_1_194' title='bbox 298 3562 332 3614; x_wconf 90' lang='lat' dir='ltr'>ad</span> <span class='ocrx_word' id='word_1_195' title='bbox 348 3564 419 3612; x_wconf 84' lang='lat' dir='ltr'>hanc</span> <span class='ocrx_word' id='word_1_196' title='bbox 431 3561 580 3612; x_wconf 85' lang='lat' dir='ltr'>editionem</span> <span class='ocrx_word' id='word_1_197' title='bbox 595 3561 750 3612; x_wconf 82' lang='lat' dir='ltr'>Romanam</span> <span class='ocrx_word' id='word_1_198' title='bbox 766 3563 855 3627; x_wconf 79' lang='lat' dir='ltr'>suspi-</span> <span class='ocrx_word' id='word_1_199' title='bbox 890 3564 924 3614; x_wconf 86' lang='lat' dir='ltr'>ad</span> <span class='ocrx_word' id='word_1_200' title='bbox 945 3565 977 3614; x_wconf 81' lang='lat'>25</span> <span class='ocrx_word' id='word_1_201' title='bbox 996 3565 1030 3624; x_wconf 87' lang='lat' dir='ltr'>si,</span> <span class='ocrx_word' id='word_1_202' title='bbox 1048 3566 1201 3616; x_wconf 88' lang='lat' dir='ltr'>secundum</span> <span class='ocrx_word' id='word_1_203' title='bbox 1220 3566 1344 3616; x_wconf 78' lang='lat' dir='ltr'>veterum</span> <span class='ocrx_word' id='word_1_204' title='bbox 1364 3567 1456 3616; x_wconf 87' lang='lat' dir='ltr'>tradi-</span> 
     </span>
     <span class='ocr_line' id='line_1_25' title="bbox 298 3649 1456 3715; baseline 0.003 -14"><span class='ocrx_word' id='word_1_205' title='bbox 298 3653 341 3701; x_wconf 92' lang='lat' dir='ltr'>cio</span> <span class='ocrx_word' id='word_1_206' title='bbox 360 3663 420 3701; x_wconf 86' lang='lat' dir='ltr'>cssc</span> <span class='ocrx_word' id='word_1_207' title='bbox 441 3652 539 3714; x_wconf 87' lang='lat' dir='ltr'>potest,</span> <span class='ocrx_word' id='word_1_208' title='bbox 561 3651 631 3700; x_wconf 84' lang='lat' dir='ltr'>banc</span> <span class='ocrx_word' id='word_1_209' title='bbox 649 3649 794 3702; x_wconf 81' lang='lat' dir='ltr'>lectionem</span> <span class='ocrx_word' id='word_1_210' title='bbox 806 3653 853 3701; x_wconf 85' lang='lat' dir='ltr'>ad·</span> <span class='ocrx_word' id='word_1_211' title='bbox 891 3653 1003 3715; x_wconf 86' lang='lat' dir='ltr'>tionem,</span> <span class='ocrx_word' id='word_1_212' title='bbox 1016 3655 1163 3705; x_wconf 84' lang='lat' dir='ltr'>adventum</span> <span class='ocrx_word' id='word_1_213' title='bbox 1175 3654 1253 3705; x_wconf 89' lang='lat' dir='ltr'>Petri</span> <span class='ocrx_word' id='word_1_214' title='bbox 1265 3653 1384 3705; x_wconf 85' lang='lat' dir='ltr'>Romam</span> <span class='ocrx_word' id='word_1_215' title='bbox 1397 3655 1456 3706; x_wconf 82' lang='lat' dir='ltr'>dis-</span> 
     </span>
     <span class='ocr_line' id='line_1_26' title="bbox 297 3741 1455 3806; baseline 0.004 -14"><span class='ocrx_word' id='word_1_216' title='bbox 297 3743 411 3792; x_wconf 86' lang='lat' dir='ltr'>missam</span> <span class='ocrx_word' id='word_1_217' title='bbox 439 3742 522 3793; x_wconf 77' lang='lat' dir='ltr'>fuisse</span> <span class='ocrx_word' id='word_1_218' title='bbox 550 3744 664 3806; x_wconf 81' lang='lat' dir='ltr'>propter</span> <span class='ocrx_word' id='word_1_219' title='bbox 692 3741 853 3806; x_wconf 75' lang='lat' dir='ltr'>Hieronymi</span> <span class='ocrx_word' id='word_1_220' title='bbox 888 3745 1455 3799; x_wconf 68' lang='grc'>[0000000000]00000000010000.</span> 
     </span>
     <span class='ocr_line' id='line_1_27' title="bbox 296 3831 1457 3901; baseline 0.007 -19"><span class='ocrx_word' id='word_1_221' title='bbox 296 3831 498 3882; x_wconf 82' lang='lat' dir='ltr'>auctoritatem.</span> <span class='ocrx_word' id='word_1_222' title='bbox 523 3831 650 3881; x_wconf 84' lang='lat' dir='ltr'>Ceterum</span> <span class='ocrx_word' id='word_1_223' title='bbox 673 3845 734 3881; x_wconf 84' lang='lat' dir='ltr'>eam</span> <span class='ocrx_word' id='word_1_224' title='bbox 757 3833 854 3896; x_wconf 80' lang='lat' dir='ltr'>genui·</span> <span class='ocrx_word' id='word_1_225' title='bbox 889 3833 1457 3901; x_wconf 84' lang='lat' dir='ltr'>Hancauiemtraditionemsequituripse</span> 
     </span>
     <span class='ocr_line' id='line_1_28' title="bbox 297 3920 1454 3985; baseline 0.008 -15"><span class='ocrx_word' id='word_1_226' title='bbox 297 3935 360 3971; x_wconf 79' lang='lat' dir='ltr'>num</span> <span class='ocrx_word' id='word_1_227' title='bbox 378 3934 439 3972; x_wconf 87' lang='lat' dir='ltr'>esse</span> <span class='ocrx_word' id='word_1_228' title='bbox 451 3920 562 3971; x_wconf 83' lang='lat' dir='ltr'>suaderi</span> <span class='ocrx_word' id='word_1_229' title='bbox 579 3923 669 3985; x_wconf 85' lang='lat' dir='ltr'>potest</span> <span class='ocrx_word' id='word_1_230' title='bbox 684 3935 717 3972; x_wconf 85' lang='lat' dir='ltr'>ex</span> <span class='ocrx_word' id='word_1_231' title='bbox 730 3935 762 3972; x_wconf 88' lang='lat' dir='ltr'>ec</span> <span class='ocrx_word' id='word_1_232' title='bbox 779 3923 852 3984; x_wconf 88' lang='lat' dir='ltr'>quod</span> <span class='ocrx_word' id='word_1_233' title='bbox 887 3923 1022 3975; x_wconf 83' lang='lat' dir='ltr'>Eusebius</span> <span class='ocrx_word' id='word_1_234' title='bbox 1041 3924 1077 3976; x_wconf 87' lang='lat' dir='ltr'>H.</span> <span class='ocrx_word' id='word_1_235' title='bbox 1096 3923 1132 3976; x_wconf 86' lang='grc' dir='ltr'>Ε.</span> <span class='ocrx_word' id='word_1_236' title='bbox 1150 3926 1187 3977; x_wconf 91' lang='lat'>11.</span> <span class='ocrx_word' id='word_1_237' title='bbox 1209 3928 1238 3977; x_wconf 78' lang='lat'>14</span> <span class='ocrx_word' id='word_1_238' title='bbox 1254 3942 1261 3976; x_wconf 76' lang='grc' dir='ltr'><em>ι</em></span> <span class='ocrx_word' id='word_1_239' title='bbox 1280 3927 1328 3976; x_wconf 91' lang='lat' dir='ltr'>ubi</span> <span class='ocrx_word' id='word_1_240' title='bbox 1347 3927 1454 3979; x_wconf 84' lang='lat' dir='ltr'>adven-</span> 
     </span>
     <span class='ocr_line' id='line_1_29' title="bbox 296 4009 1454 4076; baseline 0.007 -16"><span class='ocrx_word' id='word_1_241' title='bbox 296 4009 432 4060; x_wconf 85' lang='lat' dir='ltr'>Eusebius</span> <span class='ocrx_word' id='word_1_242' title='bbox 444 4010 527 4060; x_wconf 85' lang='lat' dir='ltr'>verba</span> <span class='ocrx_word' id='word_1_243' title='bbox 539 4023 600 4073; x_wconf 87' lang='lat' dir='ltr'>quae</span> <span class='ocrx_word' id='word_1_244' title='bbox 612 4009 756 4060; x_wconf 81' lang='lat' dir='ltr'>citavimus</span> <span class='ocrx_word' id='word_1_245' title='bbox 766 4013 851 4076; x_wconf 89' lang='lat' dir='ltr'>scrip·</span> <span class='ocrx_word' id='word_1_246' title='bbox 887 4015 945 4063; x_wconf 85' lang='lat' dir='ltr'>tum</span> <span class='ocrx_word' id='word_1_247' title='bbox 956 4014 1038 4065; x_wconf 84' lang='lat' dir='ltr'>&#39;Petri</span> <span class='ocrx_word' id='word_1_248' title='bbox 1053 4015 1172 4066; x_wconf 86' lang='lat' dir='ltr'>Romam</span> <span class='ocrx_word' id='word_1_249' title='bbox 1185 4030 1240 4067; x_wconf 87' lang='lat' dir='ltr'>non</span> <span class='ocrx_word' id='word_1_250' title='bbox 1254 4017 1289 4067; x_wconf 86' lang='lat' dir='ltr'>ad</span> <span class='ocrx_word' id='word_1_251' title='bbox 1303 4017 1364 4068; x_wconf 83' lang='lat' dir='ltr'>Gaii</span> <span class='ocrx_word' id='word_1_252' title='bbox 1376 4017 1454 4068; x_wconf 86' lang='lat' dir='ltr'>Caii-</span> 
     </span>
     <span class='ocr_line' id='line_1_30' title="bbox 296 4083 1454 4170; baseline 0.008 -22"><span class='ocrx_word' id='word_1_253' title='bbox 296 4099 332 4150; x_wconf 86' lang='lat' dir='ltr'>sit</span> <span class='ocrx_word' id='word_1_254' title='bbox 345 4099 379 4148; x_wconf 80' lang='lat' dir='ltr'>ad</span> <span class='ocrx_word' id='word_1_255' title='bbox 391 4113 435 4150; x_wconf 85' lang='grc'>00.</span> <span class='ocrx_word' id='word_1_256' title='bbox 451 4099 570 4150; x_wconf 74' lang='lat' dir='ltr'>Abrahae</span> <span class='ocrx_word' id='word_1_257' title='bbox 581 4100 655 4162; x_wconf 78' lang='grc'>2055,</span> <span class='ocrx_word' id='word_1_258' title='bbox 668 4083 717 4150; x_wconf 74' lang='lat' dir='ltr'>seii</span> <span class='ocrx_word' id='word_1_259' title='bbox 729 4101 788 4150; x_wconf 85' lang='lat' dir='ltr'>Caii</span> <span class='ocrx_word' id='word_1_260' title='bbox 800 4100 850 4152; x_wconf 84' lang='lat' dir='ltr'>Ca·</span> <span class='ocrx_word' id='word_1_261' title='bbox 884 4103 957 4168; x_wconf 83' lang='lat' dir='ltr'>gulae</span> <span class='ocrx_word' id='word_1_262' title='bbox 974 4105 1110 4169; x_wconf 85' lang='lat' dir='ltr'>tompore,</span> <span class='ocrx_word' id='word_1_263' title='bbox 1130 4104 1178 4156; x_wconf 83' lang='lat' dir='ltr'>sed</span> <span class='ocrx_word' id='word_1_264' title='bbox 1197 4105 1231 4155; x_wconf 81' lang='lat' dir='ltr'>ad</span> <span class='ocrx_word' id='word_1_265' title='bbox 1249 4107 1377 4170; x_wconf 81' lang='lat' dir='ltr'>tempora</span> <span class='ocrx_word' id='word_1_266' title='bbox 1397 4105 1454 4157; x_wconf 89' lang='lat' dir='ltr'>im-</span> 
     </span>
     <span class='ocr_line' id='line_1_31' title="bbox 295 4187 1455 4255; baseline 0.012 -19"><span class='ocrx_word' id='word_1_267' title='bbox 295 4187 387 4251; x_wconf 81' lang='lat' dir='ltr'>ligulae</span> <span class='ocrx_word' id='word_1_268' title='bbox 396 4189 424 4252; x_wconf 77' lang='lat'>33</span> <span class='ocrx_word' id='word_1_269' title='bbox 437 4188 533 4251; x_wconf 86' lang='lat' dir='ltr'>postes</span> <span class='ocrx_word' id='word_1_270' title='bbox 542 4202 616 4250; x_wconf 85' lang='lat' dir='ltr'>voro,</span> <span class='ocrx_word' id='word_1_271' title='bbox 629 4189 664 4238; x_wconf 84' lang='lat' dir='ltr'>ed</span> <span class='ocrx_word' id='word_1_272' title='bbox 676 4203 721 4238; x_wconf 86' lang='lat' dir='ltr'>an.</span> <span class='ocrx_word' id='word_1_273' title='bbox 735 4190 853 4241; x_wconf 84' lang='lat' dir='ltr'>Abrahae</span> <span class='ocrx_word' id='word_1_274' title='bbox 887 4191 958 4255; x_wconf 89' lang='lat' dir='ltr'>perii</span> <span class='ocrx_word' id='word_1_275' title='bbox 970 4192 1077 4243; x_wconf 84' lang='lat' dir='ltr'>Claudii</span> <span class='ocrx_word' id='word_1_276' title='bbox 1091 4195 1183 4246; x_wconf 78' lang='lat' dir='ltr'>refert.</span> <span class='ocrx_word' id='word_1_277' title='bbox 1198 4193 1325 4245; x_wconf 85' lang='lat' dir='ltr'>indicato</span> <span class='ocrx_word' id='word_1_278' title='bbox 1339 4195 1455 4250; x_wconf 87' lang='lat' dir='ltr'>scilicet</span> 
     </span>
     <span class='ocr_line' id='line_1_32' title="bbox 294 4275 1454 4354; baseline 0.013 -29"><span class='ocrx_word' id='word_1_279' title='bbox 294 4275 358 4325; x_wconf 77' lang='grc'>2082</span> <span class='ocrx_word' id='word_1_280' title='bbox 373 4289 421 4324; x_wconf 87' lang='lat' dir='ltr'>scu</span> <span class='ocrx_word' id='word_1_281' title='bbox 439 4275 558 4326; x_wconf 88' lang='lat' dir='ltr'>Neronis</span> <span class='ocrx_word' id='word_1_282' title='bbox 574 4277 612 4339; x_wconf 88' lang='grc'>12,</span> <span class='ocrx_word' id='word_1_283' title='bbox 626 4278 683 4327; x_wconf 81' lang='lat' dir='ltr'>haec</span> <span class='ocrx_word' id='word_1_284' title='bbox 700 4277 850 4342; x_wconf 81' lang='lat' dir='ltr'>leguntur:</span> <span class='ocrx_word' id='word_1_285' title='bbox 886 4295 1015 4332; x_wconf 88' lang='lat' dir='ltr'>successu</span> <span class='ocrx_word' id='word_1_286' title='bbox 1026 4283 1230 4349; x_wconf 82' lang='lat' dir='ltr'>praestigiorum</span> <span class='ocrx_word' id='word_1_287' title='bbox 1240 4285 1363 4336; x_wconf 88' lang='lat' dir='ltr'>Simonis</span> <span class='ocrx_word' id='word_1_288' title='bbox 1373 4291 1454 4354; x_wconf 84' lang='lat' dir='ltr'>magi</span> 
     </span>
     <span class='ocr_line' id='line_1_33' title="bbox 297 4358 1455 4442; baseline 0.011 -24"><span class='ocrx_word' id='word_1_289' title='bbox 297 4389 309 4409; x_wconf 69' lang='lat' dir='ltr'>u</span> <span class='ocrx_word' id='word_1_290' title='bbox 324 4368 408 4420; x_wconf 88' lang='lat' dir='ltr'>Petro</span> <span class='ocrx_word' id='word_1_291' title='bbox 421 4369 450 4419; x_wconf 94' lang='lat' dir='ltr'>in</span> <span class='ocrx_word' id='word_1_292' title='bbox 464 4369 596 4420; x_wconf 78' lang='lat' dir='ltr'>Romanas</span> <span class='ocrx_word' id='word_1_293' title='bbox 610 4371 733 4422; x_wconf 69' lang='lat' dir='ltr'>ecclesia</span> <span class='ocrx_word' id='word_1_294' title='bbox 749 4372 855 4436; x_wconf 89' lang='lat' dir='ltr'>episco·</span> <span class='ocrx_word' id='word_1_295' title='bbox 890 4358 985 4432; x_wconf 82' lang='lat' dir='ltr'>Romae</span> <span class='ocrx_word' id='word_1_296' title='bbox 1002 4391 1008 4426; x_wconf 94' lang='lat'>:</span> <span class='ocrx_word' id='word_1_297' title='bbox 1028 4397 1041 4418; x_wconf 69' lang='lat' dir='ltr'><em>u</em></span> <span class='ocrx_word' id='word_1_298' title='bbox 1058 4375 1112 4427; x_wconf 84' lang='lat' dir='ltr'>Sed</span> <span class='ocrx_word' id='word_1_299' title='bbox 1128 4378 1186 4428; x_wconf 87' lang='lat' dir='ltr'>baec</span> <span class='ocrx_word' id='word_1_300' title='bbox 1202 4377 1262 4442; x_wconf 81' lang='lat' dir='ltr'>(ait)</span> <span class='ocrx_word' id='word_1_301' title='bbox 1277 4391 1333 4429; x_wconf 87' lang='lat' dir='ltr'>uon</span> <span class='ocrx_word' id='word_1_302' title='bbox 1351 4379 1399 4430; x_wconf 90' lang='lat' dir='ltr'>diu</span> <span class='ocrx_word' id='word_1_303' title='bbox 1417 4395 1455 4432; x_wconf 79' lang='lat' dir='ltr'>ex</span> 
     </span>
     <span class='ocr_line' id='line_1_34' title="bbox 294 4458 1454 4522; baseline 0.011 -16"><span class='ocrx_word' id='word_1_304' title='bbox 294 4459 388 4521; x_wconf 86' lang='lat' dir='ltr'>patum</span> <span class='ocrx_word' id='word_1_305' title='bbox 396 4458 518 4508; x_wconf 80' lang='lat' dir='ltr'>succedit</span> <span class='ocrx_word' id='word_1_306' title='bbox 528 4459 635 4510; x_wconf 56' lang='lat' dir='ltr'>Linus*</span> <span class='ocrx_word' id='word_1_307' title='bbox 645 4461 727 4522; x_wconf 64' lang='lat' dir='ltr'>indit.</span> <span class='ocrx_word' id='word_1_308' title='bbox 738 4461 850 4511; x_wconf 86' lang='lat' dir='ltr'>Medici.</span> <span class='ocrx_word' id='word_1_309' title='bbox 886 4485 898 4501; x_wconf 59' lang='lat' dir='ltr'>u</span> <span class='ocrx_word' id='word_1_310' title='bbox 912 4466 973 4513; x_wconf 83' lang='lat' dir='ltr'>voto</span> <span class='ocrx_word' id='word_1_311' title='bbox 990 4463 1030 4513; x_wconf 90' lang='lat' dir='ltr'>illi</span> <span class='ocrx_word' id='word_1_312' title='bbox 1049 4465 1194 4516; x_wconf 84' lang='lat' dir='ltr'>fluxerunt.</span> <span class='ocrx_word' id='word_1_313' title='bbox 1208 4467 1358 4517; x_wconf 79' lang='lat' dir='ltr'>Confestim</span> <span class='ocrx_word' id='word_1_314' title='bbox 1372 4470 1454 4521; x_wconf 85' lang='lat' dir='ltr'>enim</span> 
     </span>
    </p>
   </div>
   <div class='ocr_carea' id='block_1_10' title="bbox 0 0 1572 5142">
    <p class='ocr_par' dir='ltr' id='par_1_10' title="bbox 0 0 1572 5142">
     <span class='ocr_line' id='line_1_35' title="bbox 0 0 1572 5142; baseline 0 6"><span class='ocrx_word' id='word_1_315' title='bbox 0 0 1572 5142; x_wconf 95' lang='lat' dir='ltr'> </span> 
     </span>
    </p>
   </div>
  </div>
 </body>
</html>
