3154 5134
266 451 332 498 εον.
356 451 395 496 iv.
417 451 453 497 nn
474 451 544 498 entis
565 451 721 498 antoninus
744 452 882 498 crrnrnno
900 454 1055 500 inrorans.
1175 441 1233 500 ‘265

88 617 189 694 nium
227 617 374 693 frustra
411 617 663 694 violentarum
701 619 1050 720 interpretationum
1088 620 1233 699 nebulis

88 751 272 828 offuscare
302 751 426 828 eonati
456 756 544 828 sunt
573 752 637 852 qui
668 752 769 828 illius
800 752 1017 854 praesidium
1048 754 1233 832 Romanae

88 885 254 962 eeclesiae
271 889 440 988 ereptum
458 885 598 962 vellent
615 889 652 984 (ι)
752 964 755 975 ,

135 1064 173 1128 3.
196 1057 398 1135 Oniennns
414 1090 453 1137 a.
472 1057 618 1159 Saepius
638 1058 810 1135 enuntiat
827 1059 984 1136 Petrum
1003 1084 1083 1135 esse
1100 1057 1232 1136 funda-

89 1197 255 1270 mentum
269 1191 434 1314 eeeleslee
447 1195 484 1292 (e)
498 1197 535 1269 et
547 1193 633 1270 aliis
646 1192 738 1270 loeis
752 1192 978 1271 soliditatem
992 1197 1108 1294 petrae
1121 1218 1233 1295 super

89 1352 199 1428 quam
218 1327 423 1405 aedificavit
440 1326 615 1405 Christus
633 1327 829 1404 eeclesiam
847 1327 1029 1429 praedicat
1044 1330 1055 1425 t
1071 1330 1094 1424 ).

118 1601 146 1664 (ι)
158 1601 218 1652 Has
235 1601 425 1652 cavillationes
436 1601 547 1667 egregie
565 1601 637 1652 relu·
674 1623 686 1644 ο
700 1600 940 1664 beaumount
957 1615 1040 1652 unam
1053 1601 1233 1668 eamdemque

88 1691 149 1742 tavit
170 1691 215 1742 lll.
240 1691 273 1742 D.
293 1691 422 1742 beurene
441 1691 470 1741 in
488 1705 538 1742 suo
559 1703 641 1756 opere
675 1712 687 1732 u
702 1702 769 1750 rem,
781 1692 888 1755 petram
900 1692 928 1742 ot
937 1691 1098 1742 ecclesiami
1111 1692 1171 1744 Hoc
1181 1707 1232 1759 ego

88 1779 162 1830 Soint
176 1779 270 1832 trente
281 1787 305 1831 et
318 1783 475 1844 l’etoquence
486 1783 641 1832 ebretienne
675 1803 687 1822 κ
700 1795 793 1832 verum
807 1794 867 1832 esse
879 1781 1019 1844 existim03
1030 1796 1079 1833 neo
1091 1783 1165 1833 enim
1182 1785 1229 1835 ad·

88 1873 155 1921 doris
167 1873 194 1922 lo
207 1871 298 1924 Gaulo
310 1875 433 1936 penderit
445 1873 482 1923 les
494 1875 567 1922 deur
575 1887 639 1934 pre·
675 1894 687 1914 u
701 1885 797 1923 versus
814 1873 931 1935 petram,
950 1885 1034 1936 super
1057 1887 1138 1936 quam
1155 1874 1232 1924 Chri·

90 1963 169 2011 triers
180 1963 273 2012 siteles
282 1962 373 2026 (Paris
392 1963 462 2013 1861.
476 1963 511 2022 8),
524 1962 569 2011 20⁸
584 1959 635 2024 lep.
672 1982 685 2001 a
698 1961 758 2011 stus
772 1959 918 2011 ecclesiam
934 1960 1063 2022 aedificat,
1074 1974 1123 2012 uec
1138 1962 1232 2013 adver·

122 2063 151 2124 ta]
169 2063 213 2114 Sic
232 2053 261 2124 a)
274 2061 354 2112 Hom.
367 2073 393 2111 v.
414 2064 443 2110 in
458 2058 546 2110 Exeo.
561 2072 587 2108 n.
601 2061 615 2110 l
630 2074 637 2108 ε
674 2073 747 2108 usus
764 2057 910 2109 ecelesiam
928 2059 1016 2122 portae
1033 2058 1114 2110 inseri
1127 2073 1230 2124 praeva-

93 2170 182 2220 „Vide
205 2176 307 2230 magno
330 2159 372 2211 illi
395 2157 520 2209 ecelesiae
543 2159 640 2209 lunda·
675 2180 687 2200 e
701 2158 1060 2220 lebunt:quemadmodum
1079 2172 1167 2222 neque
1189 2161 1232 2210 via

91 2283 102 2299 ,.
115 2259 206 2310 mento
223 2256 251 2306 et
263 2253 347 2318 peine
359 2248 543 2305 solidissima,
556 2261 640 2311 super

92 2373 103 2389 .
115 2361 195 2414 quom
208 2343 335 2398 Christus
347 2339 472 2390 fundavit
483 2338 636 2400 eeclesiam,

92 2438 179 2502 -quid
196 2435 304 2487 dicatur
322 2447 338 2483 a
352 2430 472 2482 Domino
486 2445 491 2479 :
509 2428 635 2490 Modica,

92 2525 213 2590 -inquit
244 2521 322 2584 fidei,
357 2533 441 2584 quare
471 2518 601 2569 dubitasti
624 2541 636 2562 e

90 2620 129 2682 (Ρ.
146 2623 177 2674 G.
195 2623 215 2672 t.
233 2618 295 2670 XII.
314 2633 340 2682 p.
359 2618 426 2676 339).
443 2644 476 2652 -
489 2608 519 2680 β)
533 2613 593 2664 Lib.
611 2627 635 2664 v.

90 2722 283 2782 expositionum
300 2721 329 2766 in
345 2713 446 2766 Joann.
466 2729 510 2779 ap.
532 2715 634 2766 Eusua.

92 2809 125 2860 Η,
142 2807 176 2860 E.
194 2807 239 2858 Vl.
259 2809 310 2856 25:
325 2826 338 2847 ι
355 2805 456 2856 Petrus
472 2805 574 2864 autem.
591 2806 636 2856 cui

91 2923 101 2939 ο
114 2901 251 2961 nmquam
259 2894 634 2960 tundamentosuperstrueta

92 2996 155 3044 aest
174 2985 239 3064 (ἐφ’
259 2984 278 3060 ᾧ
295 2985 491 3058 οἰκοδομεῖται)
518 2994 636 3046 ecelesia

91 3087 223 3146 -Gbrisli
244 3089 376 3139 adversus
395 3103 477 3152 quam
498 3105 547 3143 nec
568 3094 635 3158 ipseo

92 3201 102 3216 u
115 3180 263 3232 interorum
272 3183 635 3246 porieepraevalituraeeuutn

90 3275 129 3340 (r.
146 3278 177 3328 o.
194 3279 213 3329 t.
231 3277 292 3330 xx.
311 3293 337 3343 p.
356 3265 423 3341 583)ss
439 3309 471 3318 -
482 3277 513 3348 γ)
528 3284 589 3335 nie.
610 3299 633 3336 v.

94 3369 236 3424 Commeat.
251 3377 281 3424 in
293 3373 381 3437 Epist.
394 3379 431 3426 ad
442 3375 521 3430 Rom.
536 3396 543 3430 :
558 3401 570 3422 u
585 3379 631 3430 Pe·

92 3482 102 3500 ο
115 3465 156 3512 tro
168 3477 228 3514 cum
241 3477 350 3516 summa
364 3479 456 3518 rerum
469 3469 503 3520 de
520 3483 633 3534 pascen-

93 3551 155 3614 ffdie
182 3553 277 3604 ovibus
305 3555 469 3616 traderetur,
495 3560 523 3609 et
551 3573 636 3623 super

92 3659 102 3675 ο
115 3638 199 3702 ipsum
211 3643 286 3693 velut
297 3646 491 3708 superterram
505 3649 634 3701 fundare-

92 3708 156 3780 ·iru
167 3733 292 3794 aeclesia,
305 3735 410 3785 nnlliue
422 3737 537 3789 alterius
554 3742 589 3791 ab
602 3755 634 3791 eo

91 3822 215 3874 -vinuus
244 3827 383 3878 confessio
407 3828 459 3878 nisi
490 3831 633 3882 charitatis

93 3911 231 3976 -exigitur
248 3936 261 3954 ν
280 3913 321 3972 (P.
336 3915 367 3965 G.
382 3917 401 3994 t.
424 3917 497 3967 XIV.
511 3933 537 3986 p.
554 3921 633 3982 1053).

119 3997 145 4056 (a)
172 3997 216 4050 Sle
244 4003 311 4068 torn=
347 4015 393 4054 xn.
426 4003 575 4060 coement.
604 4013 634 4059 in

675 2271 687 2292 e
700 2249 807 2299 colubri
816 2248 1107 2311 superpeiramjuntn
1116 2248 1144 2299 id
1158 2250 1231 2311 quod

673 2361 684 2378 κ
699 2338 728 2390 in
738 2339 896 2390 Proverbiis
911 2341 1104 2404 scriptumest,
1116 2340 1231 2404 reperiri

671 2451 683 2470 ο
697 2429 792 2494 possit.
812 2429 891 2489 Quod
911 2429 935 2479 si
956 2431 1088 2480 adversus
1110 2429 1229 2493 aliquem

673 2541 684 2560 n
699 2517 782 2568 inferi
794 2519 880 2582 portae
897 2519 1093 2582 praevalebunt,
1107 2519 1231 2581 quitatis

672 2637 684 2655 ο
698 2614 760 2675 erit,
774 2627 863 2677 neque
873 2616 951 2680 petra
960 2629 1043 2679 super
1055 2629 1137 2678 quam
1151 2615 1230 2667 Chri-

671 2739 683 2756 w
697 2717 756 2766 etue
765 2717 910 2768 ecelesiam
919 2718 1038 2769 aedificat
1053 2732 1102 2768 neo
1112 2719 1230 2771 ecclesia

671 2820 713 2857 »a
732 2806 843 2858 Christo
861 2820 945 2872 super
969 2809 1075 2873 petram
1093 2809 1230 2861 aedificata

668 2921 679 2936 κ
694 2897 784 2948 luerit.
797 2897 882 2948 Petra
897 2899 999 2964 quippe
1014 2899 1136 2963 serpenti
1157 2899 1229 2950 inae·

670 3019 682 3038 ο
696 3009 775 3046 cesae
786 2999 829 3048 est
843 2998 871 3048 et
880 2997 976 3049 sortior
986 2998 1073 3062 portis
1082 2999 1164 3049 inseri
1175 2999 1229 3050 sibi

670 3117 682 3138 κ
695 3096 915 3158 adversantibus,
929 3097 999 3148 adeo
1018 3099 1047 3149 ut
1059 3099 1173 3164 propter
1185 3113 1229 3150 ro·

671 3209 683 3226 n
698 3187 750 3237 bur
771 3187 847 3238 illius
871 3189 958 3253 portae
986 3190 1067 3242 inferi
1097 3192 1229 3244 adversus

671 3307 683 3326 ν
697 3299 758 3336 eam
768 3300 824 3338 non
836 3289 1010 3351 praevaleant.
1020 3289 1228 3356 Ecclesievero‚

669 3383 835 3445 ”tamquam
861 3383 963 3434 Christi
989 3383 1154 3449 aedilicium,
1181 3391 1228 3452 qui
1277 3453 1280 3460 Ι

670 3495 681 3512 n
695 3472 836 3536 sapienter
856 3473 1001 3525 aedificavit
1019 3475 1131 3526 domum
1149 3491 1227 3529 suam

670 3583 682 3601 κ
696 3574 780 3626 super
796 3563 911 3626 petram.
925 3567 1067 3626 portarum
1084 3566 1165 3618 inseri
1181 3581 1226 3618 oa·

669 3673 680 3690 ν·
695 3665 747 3714 pax
767 3664 821 3701 nou
834 3653 884 3712 est,
897 3653 1103 3716 praevalentium
1117 3657 1228 3719 quidem

670 3742 827 3794 -advereus
855 3747 1055 3807 quemcumque
1088 3745 1227 3798 bominem

694 3834 740 3896 qui
753 3834 832 3885 extra
843 3837 950 3898 petram
969 3839 996 3885 et
1011 3835 1157 3888 eeclesiam
1170 3840 1227 3889 lue·

696 3923 742 3982 rit,
768 3922 816 3974 sed
840 3923 1023 3978 invalidorum
1044 3924 1177 3976 adversus
1196 3926 1228 3976 il-

670 4009 750 4060 «nm
768 4032 780 4052 ο
800 4011 842 4075 (r.
861 4011 893 4062 o.
910 4013 930 4061 t.
951 4010 1028 4061 xm.
1047 4025 1074 4075 p.
1096 4013 1176 4077 roua).
1195 4042 1227 4050 -

91 4081 182 4138 nette.
197 4101 222 4138 n.
238 4090 267 4138 ll
280 4091 350 4141 extr.
366 4107 372 4141 :
387 4113 441 4144 w...
456 4095 518 4146 Non
535 4111 635 4161 praeve·
669 4099 728 4159 Quo
739 4099 799 4151 loeo
808 4101 919 4162 quidem
931 4099 1076 4164 Origenes,
1088 4115 1164 4152 more
1176 4115 1227 4154 suo

91 4194 101 4212 ·
113 4172 202 4229 lebunt
213 4180 345 4231 adversus
356 4195 425 4233 eam.
434 4183 522 4243 Quam
533 4187 635 4250 autem,
670 4188 704 4238 ad
716 4188 881 4253 allegoricos
893 4190 921 4239 et
933 4187 1051 4238 morales
1065 4201 1163 4240 sensus
1179 4191 1225 4240 de-

92 4268 635 4340 ”oamilinenimpetrammuperquam
671 4279 797 4340 flectens,
827 4279 910 4343 peirae
945 4277 1055 4328 nomine
1088 4278 1227 4343 signifieat

91 4349 233 4406 «cm-istus
259 4357 378 4410 aeuincat
404 4361 564 4415 eeclesiam?
588 4368 632 4415 An
666 4366 817 4428 quemlibet
847 4367 1028 4419 christianum
1064 4367 1110 4429 qui
1143 4367 1225 4419 fldem

90 4442 264 4496 ·eoclesiaml
281 4448 417 4516 Ambigua
434 4452 535 4518 quippe
553 4455 627 4506 loeu-
662 4456 739 4506 Petri
756 4456 887 4509 imitatur.
906 4457 973 4510 Inde
990 4456 1083 4510 tamen
1103 4445 1157 4508 nou
1175 4455 1225 4510 mi-
