3208 5150
368 432 403 490 rt
685 447 755 492 arss.
779 449 799 491 ι.
823 447 859 490 as
880 446 947 490 nou.
971 445 996 489 s
1021 445 1101 490 rsrm
1123 445 1209 490 rrrsc.

364 609 476 688 tendo
494 610 668 712 Papiam,
688 615 782 687 teste
801 610 976 698 Eusebia,
998 610 1196 686 mediocris
1215 610 1331 686 fnisse
1350 611 1513 712 ingenii;

340 741 462 816 unde
483 766 558 818 non
579 743 740 820 multum
764 744 953 822 fidendum
974 770 1055 822 esse
1076 747 1157 848 ejus
1180 747 1408 826 testimonio.
1436 751 1515 826 Ire·

365 902 469 954 naeus
498 901 601 966 uero,
636 878 809 956 Clemens
837 879 1118 957 Alexandrinus
1147 881 1279 958 etalii
1309 884 1514 985 scriptores

364 1013 468 1089 citati
503 1013 597 1090 forte
631 1040 676 1090 ex
711 1015 834 1118 Papia
865 1015 926 1091 vel
968 1041 1015 1092 ex
1048 1016 1245 1118 scripturis
1283 1019 1514 1120 apocryphis

364 1150 455 1248 (Οὴ.
489 1175 604 1253 supra
634 1153 681 1227 N.
718 1155 754 1250 6)
784 1152 981 1230 hauserint
1013 1178 1172 1255 eaquae
1201 1153 1300 1256 apud
1332 1154 1434 1257 ipsos
1466 1157 1514 1232 de

364 1285 479 1360 Petro
497 1285 651 1386 ejusque
669 1285 842 1364 Romano
860 1287 994 1364 itinere
1016 1287 1236 1388 consignata
1253 1289 1508 1390 reperiuntur.

414 1473 479 1556 10.
504 1494 580 1557 111.
598 1476 835 1576 Argumenta
858 1480 984 1552 autem
1009 1477 1198 1553 contraria
1222 1475 1268 1552 ad
1295 1476 1375 1554 haec
1402 1478 1512 1554 redu-

363 1619 502 1692 cuntur
522 1645 529 1690 :

416 1791 450 1862 1⁰
471 1785 617 1862 Paulus
639 1785 774 1861 asserit
797 1783 1049 1887 apostolatum
1073 1783 1371 1859 circumcisionis
1391 1784 1510 1861 Petro

363 1918 617 1996 concreditum
642 1919 770 2006 fuisse,
796 1917 867 1994 sibi
888 1941 978 1993 vero
996 1915 1247 2019 apostolatum
1265 1916 1435 2016 gentium
1455 1923 1507 2015 (1).

361 2055 449 2132 Jam
472 2078 561 2131 vcro
587 2079 659 2130 non
681 2057 737 2129 tot
757 2053 781 2129 J
784 2052 881 2128 udaei
906 2051 1041 2129 Romae
1063 2049 1274 2126 incolebant
1299 2056 1341 2126 ut
1358 2049 1451 2126 illuc
1470 2077 1510 2126 se

361 2188 563 2266 contulisse
584 2189 759 2264 credatur
781 2189 919 2264 Petrus
940 2187 987 2263 ad
1005 2185 1256 2289 apostolatum
1274 2209 1384 2262 suum
1404 2208 1509 2262 exer-

362 2325 532 2402 rendum.

408 2489 447 2559 2⁰
465 2481 609 2560 Paulus
626 2479 824 2583 epistolam
842 2504 950 2556 suam
967 2480 1014 2556 ad
1033 2479 1227 2558 Romanos
1244 2481 1397 2581 scripsit
1410 2507 1508 2583 prae-

358 2617 467 2719 cipue
495 2616 542 2692 ad
572 2614 755 2690 sedandas
785 2613 1039 2690 contentiones
1074 2638 1158 2715 quae
1191 2613 1231 2688 in
1265 2636 1310 2689 ea
1344 2614 1507 2691 ecclesia

358 2755 498 2827 exortar
527 2754 648 2836 erant,
684 2747 892 2850 praesertim
919 2747 965 2822 de
993 2747 1189 2824 vocatione
1218 2745 1266 2822 ad
1292 2745 1405 2822 fidem
1437 2773 1507 2825 seu

356 2882 541 2984 evangelii
562 2883 699 2983 gratia,
719 2887 762 2960 ut
785 2880 923 2983 legenti
941 2881 1051 2957 facile
1069 2885 1226 2960 constat.
1252 2881 1354 2970 Quid
1373 2888 1508 2959 autem

357 3046 450 3123 opus
472 3019 604 3096 fuisset
624 3024 703 3096 tarn
727 3017 875 3120 prolixa
898 3016 1055 3119 epistola
1082 3017 1113 3092 si
1140 3017 1278 3094 Petrus
1300 3017 1400 3119 apud
1426 3017 1508 3096 Rc-

358 3181 488 3238 manos
518 3159 756 3237 versaretur?
787 3158 858 3236 Vel
887 3183 962 3260 qua
997 3158 1141 3235 ratione
1170 3157 1350 3260 explicari
1383 3164 1509 3260 potest

357 3297 455 3399 quod
480 3296 625 3375 Paulus
649 3322 768 3399 neque
791 3298 838 3374 ari
865 3297 988 3400 ipsum
1009 3298 1197 3399 nequead
1220 3297 1431 3375 doctrinam
1461 3301 1509 3376 ab

358 3458 400 3508 eo
418 3431 596 3510 traditam
614 3432 762 3533 uspiam
780 3431 1017 3509 Christianos
1036 3431 1229 3510 Romanos
1248 3431 1430 3508 remittit?

406 3607 445 3678 3⁰
475 3601 549 3678 Ubi
577 3600 721 3676 Paulus
749 3599 913 3678 Romam
938 3601 1092 3678 ueniens
1118 3602 1258 3703 primos
1283 3602 1507 3680 Judaeorum

358 3735 591 3824 convocavit,
618 3734 657 3810 hi
680 3734 725 3810 de
747 3734 967 3812 Christiana
987 3735 1145 3812 ecclesia
1165 3735 1282 3812 locuti
1307 3740 1396 3811 sunt
1413 3743 1509 3814 tam-

358 3901 471 3978 quam
500 3876 545 3951 de
580 3883 681 3952 secta
714 3875 806 3976 ipsis
840 3875 970 3976 ignota
1004 3879 1053 3974 (a).
1093 3875 1206 3954 Certe
1240 3875 1400 3978 supponi
1432 3903 1509 3956 non

357 4016 479 4114 potest
501 4035 564 4088 ecs
588 4011 642 4087 ita
657 4010 803 4087 locutos
829 4011 959 4100 fuisse,
986 4011 1018 4087 si
1037 4012 1195 4088 Petrum
1217 4010 1445 4112 jamdudum
1471 4015 1508 4088 in

358 4147 448 4222 urbe
466 4169 592 4221 secum
608 4150 902 4222 commorantem
922 4145 1153 4223 habuissent.

390 4473 420 4529 (ι)
434 4465 496 4521 Gal.
511 4478 538 4517 n.
552 4467 606 4517 7-9,
980 4466 1010 4526 (a)
1023 4465 1081 4516 Act.
1095 4477 1189 4516 xxvrn.
1203 4467 1244 4518 21.
1257 4465 1297 4516 22.
