3208 5150
312 1099 917 1292 orssunrnrro
959 1104 1077 1242 m.

199 1431 270 1534 DE
307 1432 553 1536 AUCTORE
594 1431 787 1536 OPERIS
829 1433 915 1538 obl
954 1435 1192 1540 TITULUS

303 1721 531 1805 Φιλσσσφούμενα
551 1722 567 1796 ἦ
588 1722 667 1788 κατὰ
687 1727 787 1788 πασῶν
807 1723 937 1802 cirroteca
956 1722 1090 1805 ἔλεγχος.

543 2187 845 2248 nominum.

141 2445 187 2499 DE
209 2443 327 2499 HUJUS
347 2445 476 2500 OPERIS
497 2445 731 2512 INVENTmNu,
752 2443 993 2506 obmortuos,
1014 2444 1242 2501 ARGUMENTO

254 2554 301 2608 ET
320 2555 364 2608 bu
384 2553 726 2610 Dlssnnrnrlon'lssbs
746 2555 852 2610 CIRCA
872 2553 980 2607 ILLUD
1000 2553 1126 2610 EDITIS.

173 2798 209 2881 l.
235 2819 269 2882 1.
295 2803 404 2879 Anno
425 2800 743 2904 1842‚Myn0·1·des
761 2801 956 2890 Murice
973 2801 1153 2902 gubernio
1172 2803 1260 2881 Gal-

123 2932 192 3011 lico
218 2935 256 3011 in
281 2935 468 3014 Graeciam
491 2935 628 3048 miscus
652 2935 699 3012 ad
717 2935 891 3037 antiquos
908 2934 1053 3012 codices
1079 2937 1119 3013 in
1135 2961 1263 3015 mona-

123 3073 245 3151 steriis
264 3075 400 3152 ibidem
425 3075 582 3152 latentes
603 3072 888 3176 explorandum,
908 3079 1044 3177 praeter
1061 3074 1155 3152 elios
1177 3076 1262 3152 inde

122 3206 250 3284 attulit
279 3209 442 3286 codicem
466 3208 745 3310 bombycinum,
771 3207 947 3284 foliorum
981 3211 1062 3295 137,
1094 3209 1259 3298 ineunte,

122 3343 355 3432 dividetur,
386 3369 459 3420 sec.
487 3342 581 3419 XIV
610 3341 850 3442 descriptum,
879 3341 918 3417 in
948 3365 1021 3443 quo
1050 3341 1263 3418 continetur

123 3478 298 3556 refutatio
324 3479 491 3555 omnium
520 3476 735 3564 haeresium,
767 3474 961 3551 indecem
991 3473 1106 3550 libros
1137 3475 1261 3551 distri-

123 3611 223 3690 buta.
255 3612 524 3690 Desiderantur
549 3611 688 3688 codicis
711 3610 883 3712 quaedam
909 3609 1000 3686 folia
1028 3613 1136 3686 etex
1164 3610 1262 3687 notis
1305 3711 1309 3723 Ι

123 3770 203 3847 quae
229 3749 270 3824 in
293 3747 448 3826 summis
468 3746 616 3850 paginis
637 3745 823 3821 habentur
846 3746 1003 3845 apparet
1022 3746 1098 3819 tres
1122 3743 1263 3845 primos

123 3884 245 3986 operis
274 3880 389 3958 libros
418 3881 458 3957 in
487 3905 531 3958 eo
557 3905 631 3956 non
660 3877 775 3954 fuisse
804 3875 1023 3978 descriptm‚
1050 3857 1145 3952 sorte
1174 3875 1264 3977 quia

123 4019 277 4095 deerant
294 4014 333 4091 in
350 4016 431 4118 ipso
450 4014 655 4117 exemplari
677 4037 750 4114 quo
768 4010 946 4088 librarius
968 4034 1041 4086 seo.
1062 4009 1154 4086 XIV
1172 4035 1263 4086 usus

123 4157 190 4242 est;
214 4148 384 4250 illudque
401 4149 591 4252 exemplar
607 4145 770 4224 multum
786 4144 928 4248 injuria
950 4146 1160 4245 temporum
1178 4166 1261 4244 pas·

123 4309 200 4361 sum
222 4280 341 4357 fuisse
357 4282 556 4360 ostendunt
573 4279 734 4384 spatiola
750 4304 872 4356 vacuo
897 4275 1037 4380 possim
1061 4275 1107 4352 ab
1125 4273 1261 4349 exscri-

122 4423 225 4520 ptore
244 4415 389 4494 relicta.
972 4417 974 4422 ’
