3170 5134
456 477 518 521 cir.
544 477 583 520 rr.
606 477 640 522 nu
662 477 845 522 nrrrocrrus.
1167 467 1225 524 445

87 641 251 742 reiquae
286 640 462 741 colligere
495 647 699 743 potuerunt
729 667 774 718 ex
804 643 885 743 ejus
919 642 1025 718 libris
1055 647 1105 742 (ι).
1138 645 1225 720 Jam

87 801 166 852 vero
183 777 222 853 in
240 777 485 878 inscriptione
507 802 638 854 eorum
661 803 753 879 quos
778 777 950 854 exaravit
971 781 1226 880 temporeque

87 908 242 986 schisma
273 909 437 997 fovebat,
465 909 575 986 facilc
602 909 662 986 vel
688 910 768 1012 ipse
794 909 853 986 vel
880 911 960 1011 ejus
985 911 1137 1002 asseclae
1163 938 1226 988 no-

88 1042 170 1118 mini
212 1042 381 1120 auctoris
423 1043 664 1144 adjunxerint
700 1043 995 1144 designationem
1036 1043 1228 1148 dignitatis

89 1201 191 1276 quam
220 1177 294 1254 sihi
321 1176 406 1279 plus
431 1177 556 1254 minus
585 1181 712 1279 aperte
737 1177 964 1254 vindicabat.
993 1179 1116 1279 Atque
1145 1177 1230 1253 inde

88 1308 136 1384 illi
160 1310 223 1412 qui
249 1335 295 1388 ea
321 1311 463 1413 scripta
492 1311 675 1400 citabant,
703 1336 782 1387 rem
808 1335 883 1387 non
908 1311 1000 1388 adeo
1030 1311 1228 1412 diligenter

89 1445 356 1533 examinantes,
386 1445 515 1521 eodem
546 1443 698 1521 honoris
728 1443 839 1521 titulo
865 1468 952 1519 eum
977 1444 1226 1545 insignierint.

91 1575 132 1652 El
155 1602 194 1654 re
219 1580 304 1680 ipsa
329 1577 406 1654 fere
437 1579 565 1655 omnia
595 1577 807 1655 testimonia
832 1577 877 1652 de
904 1575 1109 1678 Hippolyto
1135 1579 1229 1680 epis·

90 1735 172 1812 copo
199 1712 373 1790 Romano
400 1716 436 1810 (a)
464 1712 524 1788 vel
551 1713 719 1790 referunt
752 1710 1012 1812 inscriptiones
1038 1713 1118 1812 ejus
1144 1737 1229 1813 ope-

93 1869 167 1920 rum
185 1845 245 1922 vel
263 1845 461 1922 citationes
479 1871 524 1921 ex
543 1845 588 1921 iis
606 1847 780 1948 operibus
799 1845 1027 1945 desumptas

137 2007 198 2090 hb.
221 2025 261 2090 2⁰
279 2011 370 2087 Inde
386 2011 500 2087 etiam
518 2008 627 2086 facile
645 2009 854 2112 explicatur
871 2007 1023 2085 traditio
1043 2005 1110 2083 illa
1128 2031 1229 2108 quae,

93 2149 176 2220 teste
194 2143 427 2242 Prudentiol¹
444 2147 469 2242 l,
484 2144 529 2220 de
547 2143 753 2246 Hippolyto
772 2144 961 2220 ferebatur
979 2143 1113 2220 Romae
1131 2149 1226 2218 extr.

95 2303 158 2355 sec.
179 2280 247 2356 IV.
269 2280 444 2368 —Quod
463 2281 564 2358 enim
581 2280 784 2356 secundum
803 2278 908 2355 illam
925 2279 1117 2355 dicebatur
1136 2277 1230 2379 Hip-

96 2411 235 2512 polptus
269 2413 472 2490 adhaesisse
505 2413 698 2490 schismati
735 2413 873 2489 Novati
905 2437 970 2486 seu
1007 2409 1228 2496 Novatiani,

19 2613 20 2638 ,
96 2547 152 2622 vix
168 2547 286 2625 ullam
308 2549 409 2652 parit
430 2549 701 2626 difficultatem.
724 2551 821 2626 Nam
841 2547 1004 2623 schisma
1020 2544 1113 2620 illud
1131 2544 1229 2645 quod

97 2680 180 2758 fovit
205 2689 337 2760 auctor
362 2685 504 2760 Philos.
532 2687 639 2760 extra
665 2683 829 2761 Romam
856 2705 930 2757 nou
955 2677 1103 2754 videtur
1128 2701 1229 2777 serp-

97 2814 193 2904 sisse,
225 2818 298 2894 imo
329 2841 449 2918 neque
478 2817 591 2894 etiam
624 2817 757 2895 Rcmae
787 2815 880 2892 adeo
910 2813 980 2889 sibi
1010 2808 1230 2887 conciliasse

99 2946 254 3027 favorem
283 2983 290 3028 :
319 2951 419 3053 quod
450 2951 540 3028 satis
571 2950 711 3028 indicat
740 2953 872 3027 auctor
902 2950 1027 3023 noster
1056 2943 1146 3019 dum
1175 2941 1230 3015 in-

98 3082 231 3162 vidiose
259 3086 501 3188 conqueritur
530 3085 627 3188 quod
658 3083 767 3162 multi
798 3083 845 3160 ad
876 3078 1076 3159 Callistum
1109 3079 1231 3151 trans-

99 3219 207 3313 gressi
238 3221 317 3320 ejus
348 3219 516 3296 scholam
547 3219 786 3330 repleverunt
815 3221 866 3314 (r),
898 3212 995 3315 quod
1026 3210 1231 3287 multorum

101 3336 210 3432 turbae
238 3357 283 3433 ad
313 3356 481 3435 scholam
511 3357 615 3433 illam
646 3351 853 3442 confluunt,
883 3350 982 3427 unde
1011 3345 1232 3448 superbiunt

101 3493 223 3582 turbis,
250 3497 346 3596 quod
372 3494 482 3573 facile
508 3495 681 3572 omnibus
706 3491 984 3571 communicant
1007 3490 1044 3586 (s)
1070 3494 1107 3563 et
1132 3485 1229 3586 quod

103 3621 239 3703 Callisti
259 3629 430 3706 doctrina
452 3655 517 3733 per
539 3633 660 3706 totum
681 3628 863 3705 mundum
884 3623 1079 3724 divulgata
1101 3625 1157 3696 est
1178 3621 1228 3716 (o).

105 3756 214 3836 Porro
243 3761 320 3864 ipse
352 3763 581 3866 Hippolytus
612 3768 698 3840 ante
727 3758 952 3860 martyrium
982 3779 1106 3842 suum,
1135 3751 1232 3853 quod

133 4022 158 4083 ill
169 4021 342 4075 Praeterillud
353 4025 388 4075 de
398 4025 573 4076 aemulationc
583 4025 643 4076 Ori·
711 4025 741 4085 (r)
753 4023 807 4073 Clr.
822 4019 897 4072 Phil.
912 4017 960 4068 lX.
973 4017 1002 4066 12
1014 4017 1083 4066 extr.
1098 4013 1231 4077 (append.

107 4117 175 4175 scats
201 4119 281 4174 (Test.
311 4122 335 4172 1.
360 4121 392 4180 4,
415 4121 447 4177 5.
465 4119 495 4172 8.
521 4119 645 4184 append.
681 4132 743 4184 pag.
757 4113 795 4169 49
807 4117 896 4174 med).

108 4223 161 4276 pag.
176 4209 275 4278 18-20),
291 4218 365 4281 quod
383 4217 454 4268 forle
474 4216 591 4266 habetur
610 4228 642 4265 ex
709 4215 738 4278 (st
753 4212 822 4263 lbid.
836 4209 918 4275 paulo
931 4206 1054 4259 inferius.

110 4297 190 4362 aliqua
201 4303 280 4368 huju
293 4305 419 4371 epistola.
713 4302 744 4366 (a)
773 4301 843 4351 lbid.
874 4298 939 4362 Cup.
974 4296 1003 4344 13
1032 4293 1069 4341 in.
1099 4289 1233 4354 (Append.

135 4397 163 4458 lt)
172 4395 404 4466 Recousitasupra
413 4414 475 4464 pag.
490 4400 543 4450 118.
556 4399 612 4450 nol.
622 4400 645 4448 2.
683 4412 743 4462 pag.
757 4391 805 4452 17).
910 4383 916 4394 ’

137 4493 241 4553 ‘orest
259 4497 310 4549 VI.
329 4499 350 4552 6
366 4497 501 4564 (append.
518 4509 581 4561 pag.
595 4489 646 4554 Ξῖ).
1092 4557 1100 4570 Ι
