3132 5140
341 444 400 509 254
573 428 651 509 niss.x
666 465 695 510 v.
719 463 754 510 nu
775 465 911 514 couruov.
934 467 1015 514 cruci
1036 467 1117 513 nirr.
1140 464 1250 511 unser.

343 664 359 695 n
380 629 630 732 baptizantur,
655 631 826 710 innovati
851 638 888 711 et
911 633 1134 711 sanctificati
1158 631 1386 733 judicentur,
1408 651 1475 703 cur

342 801 357 831 n
379 791 452 842 non
471 767 510 843 in
526 767 694 869 ejusdem
716 769 859 847 Christi
884 772 1034 847 nornine
1055 770 1133 846 illio
1156 773 1193 846 et
1214 794 1349 847 manus
1364 765 1476 867 bapti·
1554 777 1555 868 ]

340 937 355 966 n
377 905 460 978 zato
474 902 679 1004 imponitur
696 903 743 980 ad
757 904 1014 1006 accipiendum
1030 904 1213 1006 Spiritum
1232 899 1471 980 Sanctumt...

230 1071 232 1074 ·
340 1075 355 1104 a
378 1041 478 1118 Nam
505 1041 536 1117 si
561 1045 682 1143 potest
699 1042 796 1143 quia,
817 1047 924 1120 extra
941 1042 1136 1120 ecclesiam
1154 1045 1279 1129 natus,
1301 1036 1475 1140 templum
1554 1055 1555 1120 ξ

342 1211 357 1240 n
380 1175 447 1251 Dei
477 1176 572 1265 fieri,
596 1201 664 1253 cur
688 1203 764 1254 non
785 1179 904 1278 possit
923 1203 1035 1280 super
1051 1145 1234 1280 templum
1254 1152 1295 1252 et
1319 1172 1474 1276 Spiritus
1554 1249 1555 1288 ζ

340 1347 356 1376 v
379 1312 540 1390 Sanctus
558 1313 771 1391 infundit...
798 1314 873 1402 Qui
896 1319 1016 1417 potest
1033 1314 1132 1418 apud
1151 1313 1346 1390 haereticos
1364 1308 1474 1411 bapti·
1554 1381 1555 1384 ,

339 1481 355 1510 »
376 1450 482 1522 zatus
505 1446 701 1525 Christum
727 1449 896 1539 induere
922 1449 1040 1526 multo
1068 1449 1189 1551 magis
1217 1451 1339 1550 potest
1361 1442 1473 1546 Spiri-
1554 1435 1555 1498 ἱ

338 1609 353 1645 a
374 1586 456 1657 tum
475 1581 668 1671 Sanctum,
685 1607 795 1684 quern
814 1583 991 1661 Christus
1008 1582 1124 1671 misit,
1140 1575 1309 1682 accipere
1325 1615 1340 1644 a
1358 1581 1368 1676 l
1383 1579 1404 1675 l.
1425 1573 1474 1650 Et
1554 1573 1555 1658 i

333 1713 578 1792 Firmilianus
600 1746 607 1792 :
633 1753 648 1781 a
670 1717 812 1818 Utique
837 1718 919 1816 (ait)
938 1717 1047 1818 qui...
1075 1717 1116 1793 in
1139 1715 1292 1794 Christo
1313 1709 1471 1812 baptiza·

337 1885 352 1914 e
373 1853 434 1925 tus
460 1855 516 1926 est
541 1851 664 1929 induit
690 1851 898 1930 Christum.
921 1853 961 1930 Si
979 1857 1106 1930 autem
1125 1852 1247 1929 induit
1265 1850 1468 1929 Christum,

336 2019 351 2048 n
373 1985 541 2086 accipere
565 1986 686 2087 potuit
705 1991 742 2064 et
766 1987 950 2091 Spiritum
976 1987 1169 2076 Sanctum,
1196 1985 1261 2088 qui
1283 1979 1471 2062 aChristo
1554 1957 1555 2004 ⁷

334 2151 350 2182 n
372 2118 508 2194 missus
535 2123 603 2208 est,
630 2124 667 2197 et
690 2120 832 2198 frustra
861 2120 917 2197 illi
947 2121 1112 2198 venienti
1137 2121 1185 2196 ad
1215 2113 1468 2221 accipiendum

333 2285 348 2314 a
371 2252 554 2354 Spiritum
572 2279 706 2332 manus
724 2257 930 2357 imponitur
952 2291 967 2321 n
990 2259 1040 2356 (a).
1063 2256 1112 2333 Et
1125 2254 1282 2332 inferius
1304 2283 1311 2328 :
1336 2289 1350 2316 a
1372 2248 1410 2327 Si
1430 2247 1468 2322 in

334 2388 520 2464 »nomine
546 2388 689 2467 Christi
719 2389 842 2468 valuit
867 2391 958 2467 foris
988 2390 1175 2494 baptisma
1204 2388 1252 2465 ad
1282 2385 1467 2463 hominem

332 2557 348 2586 a
369 2524 621 2625 purgandum,
649 2525 688 2602 in
710 2525 876 2626 ejusdem
895 2524 1037 2602 Christi
1064 2524 1214 2600 nomine
1241 2520 1367 2598 valere
1391 2514 1467 2592 illic

331 2691 347 2720 a
368 2658 490 2757 potuit
511 2662 548 2735 et
571 2681 713 2766 manus¹
726 2659 915 2762 impositio
937 2659 983 2736 ad
1006 2659 1264 2762 accipiendum
1287 2653 1485 2767 Spiritum

331 2792 551 2870 »Sanctum
583 2829 598 2858 n
633 2795 684 2892 (a).
717 2793 776 2870 Ex
806 2794 940 2896 quibus
971 2797 1008 2871 et
1040 2793 1126 2870 aliis
1162 2788 1348 2869 similibus
1376 2783 1465 2861 locis

328 2923 454 3026 colligi
488 2950 596 3028 posse
628 2927 780 3004 videtur
811 2952 946 3004 manus
980 2927 1276 3030 impositionem,
1317 2922 1361 2998 de
1394 2941 1466 3020 qua

326 3059 538 3163 Stephanus
568 3062 608 3138 in
638 3088 705 3140 suo
735 3064 896 3150 decreto,
929 3064 1160 3165 significasse
1191 3059 1464 3138 sacramentum

326 3196 645 3286 ConfirmationiS‚
677 3200 775 3301 quod
807 3200 1020 3302 Stephanus
1050 3199 1221 3277 omnibus
1255 3196 1302 3272 ab
1329 3187 1462 3268 haeresi
1554 3201 1555 3282 t

324 3333 370 3409 ad
394 3333 589 3412 ecelesiam
612 3311 872 3413 accedentibus
888 3335 1062 3413 ‘conferri
1089 3360 1132 3412 ac
1153 3331 1310 3446 proinde
1333 3327 1379 3403 iis
1399 3320 1459 3425 qui

322 3468 416 3546 illud
434 3471 473 3546 in
490 3469 625 3547 haeresi
643 3476 859 3574 receperant
875 3472 1006 3549 iterari
1022 3470 1196 3548 voluerit.

373 3657 412 3742 b·
429 3661 585 3750 Verum,
602 3659 782 3762 quidquid
796 3662 845 3739 sit
862 3662 906 3739 de
919 3661 1226 3764 interpretatione
1242 3681 1357 3762 quam
1369 3656 1459 3733 forte

321 3823 367 3875 ex
384 3796 500 3873 nimio
514 3796 636 3873 studio
655 3797 830 3898 carpendi
849 3799 1083 3900 Stephanum
1101 3798 1182 3898 ejus
1198 3793 1324 3873 verbis
1342 3791 1457 3891 subje·
1554 3775 1555 3816 ³

319 3931 439 4008 oerint
469 3930 681 4032 Cyprianus
711 3923 756 4008 et'
773 3931 1034 4022 Firmilianus,
1063 3955 1109 4008 ex
1139 3931 1231 4033 ipsis
1261 3929 1309 4006 iis
1339 3925 1457 4004 verbis
1554 3967 1555 4040 ἰ

320 4065 411 4142 satis
434 4062 625 4164 colligitur
647 4088 721 4140 non
746 4066 808 4167 agi
835 4066 897 4142 hio
924 4066 969 4142 de
992 4068 1227 4144 sacramento
1255 4061 1457 4140 Confirma-
1506 4035 1509 4042 ’
1554 4041 1555 4128 l

355 4375 690 4448 (¹)lbid-n·5(ras·⁶2l·
910 4378 1043 4448 rae-Cb
1298 4441 1300 4446 .

353 4483 384 4549 (a)
398 4481 486 4546 Epist.
509 4480 543 4530 ad
556 4479 637 4544 Cypr.
655 4493 681 4530 u.
700 4479 730 4529 12
747 4478 880 4543 (Appond.
950 4481 979 4544 (a)
991 4480 1078 4546 Epist.
1092 4479 1137 4530 cit.
1152 4489 1178 4531 n.
1194 4479 1223 4530 18
1234 4477 1307 4543 (pag.
1321 4467 1374 4542 to).
