3132 5140
251 455 316 500 CAP.
340 453 382 498 ΙΙΙ.
406 452 441 498 DE
463 452 499 498 118
520 453 583 510 QUAE
603 453 666 499 EGiT
686 453 835 500 csiirsrus
856 453 884 500 S.
907 451 1054 499 semirex.
1169 435 1227 495 ‘209

82 619 166 695 ead
200 619 392 696 Titum...
431 617 541 696 Certe
575 619 619 694 de
653 618 850 722 baptizatis
880 615 1050 720 Apostoli
1085 639 1224 692 sermo·

84 779 205 830 anem
228 779 323 843 esse,
348 777 456 830 nemo
479 753 636 831 dubitat.
667 754 708 832 Si
730 778 819 856 ergo
843 753 970 832 omnia
993 777 1077 854 quae
1103 751 1143 827 in
1168 775 1227 828 or·

85 890 311 968 ”dinatione
353 892 577 990 quaeruntur
602 877 810 992 episcopi,
860 914 936 966 non
977 885 1228 990 praejudicant

86 1024 343 1114 »ordinando
380 1023 467 1102 iicet
500 1050 544 1101 ee
574 1029 660 1102 anie
690 1024 919 1128 baptismum
949 1049 1022 1101 non
1054 1021 1229 1098 habuerit
1256 1033 1261 1044 '

87 1195 101 1222 n
123 1159 318 1260 (quaeritur
345 1158 445 1235 enim
470 1159 559 1261 quid
589 1159 638 1236 sit
661 1164 698 1237 et
727 1185 801 1237 non
826 1160 916 1263 quid
942 1157 1081 1255 fucrit),
1111 1179 1229 1257 quare

87 1329 101 1356 n
124 1293 243 1371 solum
261 1319 397 1372 nomen
414 1293 543 1372 uxoris
562 1293 754 1396 impediat,
775 1295 872 1396 quod
892 1292 1016 1370 solum
1032 1295 1229 1395 peccatum

89 1465 104 1493 v
124 1455 198 1507 non
215 1429 356 1506 fuiti...
382 1467 397 1496 n
420 1435 460 1530 (1)

136 1594 280 1681 9.V11.
306 1635 322 1665 a
343 1599 488 1676 Verum
505 1598 620 1675 etiam
642 1598 674 1675 si
692 1597 776 1699 quis
794 1597 835 1673 in
852 1596 983 1675 ordine
1000 1595 1228 1673 constitutus

90 1738 407 1816 »matrimonium
432 1739 546 1828 ineat,
575 1762 727 1814 manere
747 1737 862 1814 talem
887 1736 1078 1813 hominem
1102 1735 1142 1811 in
1167 1758 1227 1811 or-

92 1874 221 1965 adine,
254 1875 363 1977 quasi
394 1900 468 1951 non
498 1873 719 1977 peccaverit.
748 1911 764 1941 a
786 1921 833 1930 —
851 1875 1002 1953 Rursus
1033 1898 1107 1950 non
1136 1871 1227 1948 satis

90 2011 278 2113 perspicue
313 2014 472 2113 apparet
500 1995 590 2112 quid
621 2009 771 2112 proprie
801 2010 968 2087 intendat
990 2006 1228 2111 ,Hippolytus

92 2143 129 2219 in
145 2145 212 2222 hac
229 2145 479 2222 accusatione.
502 2145 694 2222 Nimirum

141 2285 173 2354 1ο
189 2281 290 2357 Voce
308 2297 409 2372 naam
427 2279 642 2381 designatus
656 2277 729 2356 fuit
746 2279 854 2355 modo
874 2277 997 2354 clerus
1015 2276 1228 2360 universus,

91 2412 339 2493 adnumeratis
367 2416 482 2493 etiam
512 2413 738 2516 presbyteris
762 2416 799 2489 et
820 2411 1001 2499 diaconis,
1025 2408 1133 2485 modo
1157 2405 1229 2482 cle-

92 2571 152 2624 rus
181 2549 336 2627 inferior
365 2575 431 2626 seu
461 2548 488 2624 ii
514 2549 578 2650 qui
609 2572 683 2625 non
712 2551 836 2624 essent
862 2542 1001 2622 initiati
1035 2540 1230 2619 ordinibus

93 2685 202 2762 sacris
218 2711 284 2762 seu
303 2685 521 2787 majoribus.
545 2685 626 2761 Hoc
644 2683 842 2787 posteriori
861 2707 972 2760 sensu
991 2677 1175 2780 accipitur
1192 2675 1230 2750 in

95 2822 181 2897 Coc.
200 2827 333 2918 Aperi.
362 2825 438 2897 55:
464 2864 479 2885 .
502 2820 542 2898 Si
572 2820 656 2921 quis
686 2819 844 2896 clericus
874 2817 1134 2919 presbyterum
1164 2813 1232 2886 aui

96 2951 325 3032 -diaconum
347 2954 489 3056 injuria
511 2953 691 3043 affecerit,
719 2957 936 3055 segregetur
965 2987 981 3016 a
1007 2951 1057 3048 (2).
1080 2947 1175 3024 Item
1193 2945 1232 3020 in

123 3213 151 3276 (ι)
166 3212 196 3264 Ρ.
214 3214 246 3265 L.
262 3217 283 3266 t.
302 3213 392 3266 XXII.
410 3230 437 3280 p.
454 3216 511 3267 654.
528 3215 640 3268 -Non
700 3214 809 3266 mihi...
828 3226 877 3264 cur
895 3212 924 3263 in
938 3210 1101 3276 baptismate
1118 3205 1234 3257 dixerim

94 3299 155 3350 setis
164 3303 290 3354 accurate
300 3301 390 3366 itaque
400 3303 570 3366 loquiturLc
580 3307 639 3366 iim,
675 3327 687 3348 ν
701 3304 830 3356 universa
838 3303 952 3368 peccate
963 3299 1074 3362 dimitti,
1085 3299 1112 3350 et
1125 3298 1233 3347 mortuo

95 3387 152 3439 dum
174 3390 272 3442 asserit
292 3389 410 3452 (cruces
436 3391 638 3457 incommodes,
675 3392 839 3454 »bimarita
857 3404 957 3442 novom
973 3389 1061 3439 virum
1078 3388 1107 3438 in
1124 3385 1234 3436 Christo
1306 3442 1311 3450 Ι

95 3479 154 3528 tom.
171 3481 216 3531 cit.
237 3497 264 3546 p.
285 3483 332 3534 186
347 3484 430 3546 med.)
445 3499 452 3534 ι
469 3506 481 3527 a
494 3485 556 3536 Une
572 3485 637 3536 telle
673 3507 685 3528 n
699 3497 858 3550 resurgere;
873 3485 956 3544 atque
972 3479 1129 3532 istiusmodi
1146 3489 1235 3528 secer-

95 3567 259 3634 explication,
270 3570 638 3636 qnis'dloignevisiblement
673 3573 776 3624 «dotes
791 3573 819 3623 in
835 3570 960 3623 ecclesiis
977 3583 1037 3620 esse
1056 3565 1234 3617 norznulles...

95 3655 125 3707 de
139 3657 164 3708 la
178 3659 257 3712 lettre
277 3663 305 3712 et
323 3661 357 3712 de
377 3662 481 3726 l'esprit
496 3663 530 3713 de
545 3661 573 3714 la
589 3645 636 3723 lei,
673 3685 685 3704 n
701 3662 766 3713 Haec
783 3661 910 3719 dicimus,
925 3672 982 3709 non
998 3657 1071 3720 quod
1087 3655 1156 3718 ipse,
1173 3665 1234 3718 pro·

96 3744 268 3810 n'eutjnmais
283 3763 366 3800 cours
382 3751 447 3801 chez
463 3751 608 3803 testatius.
623 3774 635 3794 n
673 3752 768 3816 apitio
785 3751 904 3810 Christo,
917 3751 969 3800 hec
982 3745 1133 3811 quaestione
1145 3745 1235 3794 tenea·

96 3837 239 3890 —Adrerti
250 3840 333 3890 etiam
345 3842 435 3905 potest
444 3836 548 3893 nonita
559 3855 640 3906 exag-
675 3865 687 3884 n
701 3854 773 3902 mur,
796 3840 844 3890 sed
865 3835 1030 3902 interrogati
1051 3848 1069 3884 a
1093 3827 1235 3892 iratribus,

95 3927 178 3986 gerari
189 3928 260 3982 sicut
270 3928 332 3980 loco
344 3929 429 3981 citato
440 3943 585 3982 numerum
598 3931 638 3980 bi·
675 3953 687 3972 n
700 3929 767 3993 quid
781 3929 862 3980 nobis
873 3927 1020 3984 videretur,
1031 3919 1235 3986 respondimus,

96 4025 232 4074 geniorum
247 4017 281 4092 ad
298 4012 483 4069 secerdotium
503 4019 640 4083 promoto-
675 4041 687 4062 n
701 4017 772 4069 nulli
784 4015 999 4083 praejudicantes
1011 4009 1090 4074 sequi
1105 4006 1178 4071 quod
1190 4019 1235 4056 ve·

89 4113 151 4180 rum
162 4107 188 4156 et
201 4107 287 4158 multo
300 4107 468 4159 moderatius
480 4108 639 4173 opinionem
674 4131 686 4151 e
700 4107 741 4169 lit,
769 4121 819 4159 uec
842 4105 957 4157 alterius
981 4101 1122 4153 decretum
1142 4097 1237 4148 nostra

97 4189 161 4244 hanc
171 4197 245 4248 circa
261 4196 412 4249 liceitatem
428 4199 584 4263 hujusmodi
597 4213 642 4250 or-
677 4221 689 4241 n
703 4198 841 4250 sententia
865 4195 1054 4248 subvertentes
1075 4211 1087 4232 n
1103 4186 1146 4254 (P.
1165 4185 1197 4235 L.
1215 4186 1235 4234 t.

98 4281 260 4339 dinetionum
280 4289 398 4352 proponi
409 4291 443 4340 ab
461 4291 557 4342 eodem
574 4290 641 4341 Hie·
676 4289 780 4340 XXIII.
794 4303 821 4354 p.
835 4287 902 4353 424).

98 4381 204 4437 ronymo
224 4375 303 4440 Apol.
325 4383 421 4428 centra
439 4376 534 4441 Rufio.
556 4379 578 4430 l.
601 4380 642 4430 32.
709 4380 740 4443 (e)
752 4378 854 4436 Massi.
870 4375 950 4428 Cone.
964 4373 983 4423 t.
997 4370 1018 4420 l.
1033 4383 1059 4434 p.
1073 4369 1113 4418 42.

100 4459 148 4512 Ubi
169 4481 174 4515 :
198 4489 209 4510 e
226 4468 317 4519 Audio
338 4471 473 4532 praterea
492 4470 549 4536 tait)
566 4470 648 4534 objici

1085 4557 1105 4604 n
1220 4558 1223 4564 .
