<?xml version="1.0" encoding="UTF-8"?>
<!DOCTYPE html PUBLIC "-//W3C//DTD XHTML 1.0 Transitional//EN"
    "http://www.w3.org/TR/xhtml1/DTD/xhtml1-transitional.dtd">
<html xmlns="http://www.w3.org/1999/xhtml" xml:lang="en" lang="en">
 <head>
  <title>
</title>
<meta http-equiv="Content-Type" content="text/html;charset=utf-8" />
  <meta name='ocr-system' content='tesseract 3.04.00' />
  <meta name='ocr-capabilities' content='ocr_page ocr_carea ocr_par ocr_line ocrx_word'/>
</head>
<body>
  <div class='ocr_page' id='page_1' title='image "./dissertationess00smedgoog_0179.png"; bbox 0 0 3170 5134; ppageno 0'>
   <div class='ocr_carea' id='block_1_1' title="bbox 370 449 1265 524">
    <p class='ocr_par' dir='ltr' id='par_1_1' title="bbox 370 449 1265 524">
     <span class='ocr_line' id='line_1_1' title="bbox 370 449 1265 524; baseline -0.002 0"><span class='ocrx_word' id='word_1_1' title='bbox 370 464 428 524; x_wconf 75' lang='lat' dir='ltr'>lul</span> <span class='ocrx_word' id='word_1_2' title='bbox 605 478 675 524; x_wconf 86' lang='lat' dir='ltr'>orss.</span> <span class='ocrx_word' id='word_1_3' title='bbox 698 476 738 524; x_wconf 85' lang='lat' dir='ltr'>nr.</span> <span class='ocrx_word' id='word_1_4' title='bbox 761 449 944 524; x_wconf 71' lang='lat' dir='ltr'>nn&#39;rucronu</span> <span class='ocrx_word' id='word_1_5' title='bbox 965 475 1265 523; x_wconf 77' lang='lat' dir='ltr'>ruinosornooumor.</span> 
     </span>
    </p>
   </div>
   <div class='ocr_carea' id='block_1_2' title="bbox 366 641 1502 1124">
    <p class='ocr_par' dir='ltr' id='par_1_2' title="bbox 366 641 1502 1124">
     <span class='ocr_line' id='line_1_2' title="bbox 369 641 1501 743; baseline -0.003 -24"><span class='ocrx_word' id='word_1_6' title='bbox 369 643 451 720; x_wconf 93' lang='lat' dir='ltr'>Hoc</span> <span class='ocrx_word' id='word_1_7' title='bbox 479 647 603 721; x_wconf 89' lang='lat' dir='ltr'>tamen</span> <span class='ocrx_word' id='word_1_8' title='bbox 636 643 831 720; x_wconf 87' lang='lat' dir='ltr'>advertere</span> <span class='ocrx_word' id='word_1_9' title='bbox 859 642 1036 720; x_wconf 80' lang='lat' dir='ltr'>debuerat</span> <span class='ocrx_word' id='word_1_10' title='bbox 1066 641 1213 730; x_wconf 85' lang='lat' dir='ltr'>Cruice,</span> <span class='ocrx_word' id='word_1_11' title='bbox 1245 643 1334 719; x_wconf 93' lang='lat' dir='ltr'>dum</span> <span class='ocrx_word' id='word_1_12' title='bbox 1365 644 1411 743; x_wconf 76' lang='lat' dir='ltr'>(p.</span> <span class='ocrx_word' id='word_1_13' title='bbox 1442 643 1501 738; x_wconf 81' lang='lat'>67)</span> 
     </span>
     <span class='ocr_line' id='line_1_3' title="bbox 367 775 1502 878; baseline -0.004 -24"><span class='ocrx_word' id='word_1_14' title='bbox 367 775 578 878; x_wconf 79' lang='lat' dir='ltr'>catalogum</span> <span class='ocrx_word' id='word_1_15' title='bbox 595 781 722 854; x_wconf 83' lang='lat' dir='ltr'>texens</span> <span class='ocrx_word' id='word_1_16' title='bbox 739 775 1002 854; x_wconf 87' lang='lat' dir='ltr'>haereticorum</span> <span class='ocrx_word' id='word_1_17' title='bbox 1018 781 1148 853; x_wconf 91' lang='lat' dir='ltr'>contra</span> <span class='ocrx_word' id='word_1_18' title='bbox 1169 801 1262 878; x_wconf 92' lang='lat' dir='ltr'>quos</span> <span class='ocrx_word' id='word_1_19' title='bbox 1282 776 1358 878; x_wconf 83' lang='lat' dir='ltr'>egit</span> <span class='ocrx_word' id='word_1_20' title='bbox 1373 780 1502 853; x_wconf 81' lang='lat' dir='ltr'>auctor</span> 
     </span>
     <span class='ocr_line' id='line_1_4' title="bbox 366 910 1502 1012; baseline -0.002 -24"><span class='ocrx_word' id='word_1_21' title='bbox 366 915 770 1010; x_wconf 78' lang='lat' dir='ltr'>Philosophoumeoon,</span> <span class='ocrx_word' id='word_1_22' title='bbox 791 937 925 988; x_wconf 88' lang='lat' dir='ltr'>nomen</span> <span class='ocrx_word' id='word_1_23' title='bbox 949 910 1102 990; x_wconf 89' lang='lat' dir='ltr'>Sabellii</span> <span class='ocrx_word' id='word_1_24' title='bbox 1121 913 1209 1012; x_wconf 81' lang='lat' dir='ltr'>J’ure</span> <span class='ocrx_word' id='word_1_25' title='bbox 1231 911 1269 986; x_wconf 92' lang='lat' dir='ltr'>in</span> <span class='ocrx_word' id='word_1_26' title='bbox 1294 935 1337 988; x_wconf 93' lang='lat' dir='ltr'>eo</span> <span class='ocrx_word' id='word_1_27' title='bbox 1359 935 1431 988; x_wconf 93' lang='lat' dir='ltr'>non</span> <span class='ocrx_word' id='word_1_28' title='bbox 1449 933 1502 986; x_wconf 90' lang='lat' dir='ltr'>rc-</span> 
     </span>
     <span class='ocr_line' id='line_1_5' title="bbox 367 1048 522 1124; baseline 0.013 -2"><span class='ocrx_word' id='word_1_29' title='bbox 367 1048 522 1124; x_wconf 87' lang='lat' dir='ltr'>censuit.</span> 
     </span>
    </p>
   </div>
   <div class='ocr_carea' id='block_1_3' title="bbox 418 1219 1498 1326">
    <p class='ocr_par' dir='ltr' id='par_1_3' title="bbox 418 1219 1498 1326">
     <span class='ocr_line' id='line_1_6' title="bbox 418 1219 1498 1326; baseline -0.009 -20"><span class='ocrx_word' id='word_1_30' title='bbox 418 1219 482 1306; x_wconf 74' lang='lat'>70.</span> <span class='ocrx_word' id='word_1_31' title='bbox 510 1224 568 1302; x_wconf 88' lang='lat' dir='ltr'>Ad</span> <span class='ocrx_word' id='word_1_32' title='bbox 597 1229 663 1301; x_wconf 71' lang='lat'>3²³¹</span> <span class='ocrx_word' id='word_1_33' title='bbox 695 1223 743 1300; x_wconf 83' lang='lat' dir='ltr'>R.</span> <span class='ocrx_word' id='word_1_34' title='bbox 777 1223 857 1300; x_wconf 92' lang='lat' dir='ltr'>lmo</span> <span class='ocrx_word' id='word_1_35' title='bbox 887 1222 973 1300; x_wconf 90' lang='lat' dir='ltr'>inde</span> <span class='ocrx_word' id='word_1_36' title='bbox 1001 1225 1125 1326; x_wconf 91' lang='lat' dir='ltr'>potius</span> <span class='ocrx_word' id='word_1_37' title='bbox 1156 1225 1399 1301; x_wconf 85' lang='lat' dir='ltr'>confirmatur</span> <span class='ocrx_word' id='word_1_38' title='bbox 1429 1246 1498 1298; x_wconf 94' lang='lat' dir='ltr'>non</span> 
     </span>
    </p>
   </div>
   <div class='ocr_carea' id='block_1_4' title="bbox 367 1356 1544 1461">
    <p class='ocr_par' dir='ltr' id='par_1_4' title="bbox 367 1356 1544 1461">
     <span class='ocr_line' id='line_1_7' title="bbox 367 1356 1544 1461; baseline -0.001 -27"><span class='ocrx_word' id='word_1_39' title='bbox 367 1357 482 1434; x_wconf 85' lang='lat' dir='ltr'>fuisse</span> <span class='ocrx_word' id='word_1_40' title='bbox 502 1356 705 1434; x_wconf 85' lang='lat' dir='ltr'>admissum</span> <span class='ocrx_word' id='word_1_41' title='bbox 727 1357 774 1434; x_wconf 87' lang='lat' dir='ltr'>ab</span> <span class='ocrx_word' id='word_1_42' title='bbox 796 1362 948 1435; x_wconf 89' lang='lat' dir='ltr'>auctore</span> <span class='ocrx_word' id='word_1_43' title='bbox 965 1363 1092 1436; x_wconf 88' lang='lat' dir='ltr'>nostro</span> <span class='ocrx_word' id='word_1_44' title='bbox 1110 1358 1274 1461; x_wconf 86' lang='lat' dir='ltr'>aliquem</span> <span class='ocrx_word' id='word_1_45' title='bbox 1299 1358 1499 1461; x_wconf 89' lang='lat' dir='ltr'>positivum</span> <span class='ocrx_word' id='word_1_46' title='bbox 1538 1361 1544 1378; x_wconf 81' lang='grc'><em>“</em></span> 
     </span>
    </p>
   </div>
   <div class='ocr_carea' id='block_1_5' title="bbox 366 1493 1498 3080">
    <p class='ocr_par' dir='ltr' id='par_1_5' title="bbox 366 1493 1498 3080">
     <span class='ocr_line' id='line_1_8' title="bbox 367 1493 1498 1594; baseline -0.003 -23"><span class='ocrx_word' id='word_1_47' title='bbox 367 1518 529 1571; x_wconf 90' lang='lat' dir='ltr'>errorem</span> <span class='ocrx_word' id='word_1_48' title='bbox 563 1496 692 1570; x_wconf 89' lang='lat' dir='ltr'>contra</span> <span class='ocrx_word' id='word_1_49' title='bbox 726 1493 909 1594; x_wconf 87' lang='lat' dir='ltr'>Spiritum</span> <span class='ocrx_word' id='word_1_50' title='bbox 944 1495 983 1572; x_wconf 88' lang='lat' dir='ltr'>S.</span> <span class='ocrx_word' id='word_1_51' title='bbox 1014 1497 1113 1571; x_wconf 90' lang='lat' dir='ltr'>Nam</span> <span class='ocrx_word' id='word_1_52' title='bbox 1137 1495 1209 1571; x_wconf 91' lang='lat' dir='ltr'>ista</span> <span class='ocrx_word' id='word_1_53' title='bbox 1231 1493 1418 1571; x_wconf 85' lang='lat' dir='ltr'>accusatio</span> <span class='ocrx_word' id='word_1_54' title='bbox 1446 1493 1498 1568; x_wconf 94' lang='lat' dir='ltr'>di-</span> 
     </span>
     <span class='ocr_line' id='line_1_9' title="bbox 366 1626 1498 1730; baseline -0.002 -26"><span class='ocrx_word' id='word_1_55' title='bbox 366 1627 514 1704; x_wconf 89' lang='lat' dir='ltr'>thcismi</span> <span class='ocrx_word' id='word_1_56' title='bbox 539 1626 619 1704; x_wconf 87' lang='lat' dir='ltr'>ideo</span> <span class='ocrx_word' id='word_1_57' title='bbox 642 1628 772 1703; x_wconf 90' lang='lat' dir='ltr'>contra</span> <span class='ocrx_word' id='word_1_58' title='bbox 788 1652 873 1704; x_wconf 90' lang='lat' dir='ltr'>eum</span> <span class='ocrx_word' id='word_1_59' title='bbox 894 1629 1041 1730; x_wconf 88' lang='lat' dir='ltr'>prolata</span> <span class='ocrx_word' id='word_1_60' title='bbox 1058 1635 1114 1707; x_wconf 89' lang='lat' dir='ltr'>est</span> <span class='ocrx_word' id='word_1_61' title='bbox 1133 1655 1157 1706; x_wconf 93' lang='lat' dir='ltr'>a</span> <span class='ocrx_word' id='word_1_62' title='bbox 1175 1628 1393 1717; x_wconf 67' lang='lat' dir='ltr'>Catholicis</span> <span class='ocrx_word' id='word_1_63' title='bbox 1413 1628 1498 1729; x_wconf 91' lang='lat' dir='ltr'>quia</span> 
     </span>
     <span class='ocr_line' id='line_1_10' title="bbox 366 1759 1498 1865; baseline -0.002 -27"><span class='ocrx_word' id='word_1_64' title='bbox 366 1761 505 1838; x_wconf 89' lang='lat' dir='ltr'>Filium</span> <span class='ocrx_word' id='word_1_65' title='bbox 523 1787 546 1838; x_wconf 87' lang='lat' dir='ltr'>a</span> <span class='ocrx_word' id='word_1_66' title='bbox 563 1761 678 1838; x_wconf 86' lang='lat' dir='ltr'>Patro</span> <span class='ocrx_word' id='word_1_67' title='bbox 695 1759 806 1836; x_wconf 88' lang='lat' dir='ltr'>nimis</span> <span class='ocrx_word' id='word_1_68' title='bbox 823 1769 1023 1865; x_wconf 87' lang='lat' dir='ltr'>separaret.</span> <span class='ocrx_word' id='word_1_69' title='bbox 1046 1761 1198 1840; x_wconf 88' lang='lat' dir='ltr'>Nullius</span> <span class='ocrx_word' id='word_1_70' title='bbox 1214 1788 1304 1839; x_wconf 83' lang='lat' dir='ltr'>vero</span> <span class='ocrx_word' id='word_1_71' title='bbox 1322 1765 1498 1864; x_wconf 90' lang='lat' dir='ltr'>praeterea</span> 
     </span>
     <span class='ocr_line' id='line_1_11' title="bbox 366 1897 1496 2000; baseline -0.001 -28"><span class='ocrx_word' id='word_1_72' title='bbox 366 1897 536 2000; x_wconf 85' lang='lat' dir='ltr'>specialis</span> <span class='ocrx_word' id='word_1_73' title='bbox 554 1899 692 1975; x_wconf 90' lang='lat' dir='ltr'>erroris</span> <span class='ocrx_word' id='word_1_74' title='bbox 716 1898 817 1974; x_wconf 88' lang='lat' dir='ltr'>circa</span> <span class='ocrx_word' id='word_1_75' title='bbox 838 1897 1021 1998; x_wconf 87' lang='lat' dir='ltr'>Spiritum</span> <span class='ocrx_word' id='word_1_76' title='bbox 1046 1897 1226 1975; x_wconf 89' lang='lat' dir='ltr'>Sanctum</span> <span class='ocrx_word' id='word_1_77' title='bbox 1242 1922 1328 1974; x_wconf 90' lang='lat' dir='ltr'>eum</span> <span class='ocrx_word' id='word_1_78' title='bbox 1349 1920 1496 1974; x_wconf 89' lang='lat' dir='ltr'>accusa-</span> 
     </span>
     <span class='ocr_line' id='line_1_12' title="bbox 366 2031 1492 2134; baseline -0.004 -26"><span class='ocrx_word' id='word_1_79' title='bbox 366 2039 455 2114; x_wconf 88' lang='lat' dir='ltr'>runt</span> <span class='ocrx_word' id='word_1_80' title='bbox 474 2063 481 2108; x_wconf 89' lang='lat'><strong>:</strong></span> <span class='ocrx_word' id='word_1_81' title='bbox 502 2032 599 2134; x_wconf 91' lang='lat' dir='ltr'>quod</span> <span class='ocrx_word' id='word_1_82' title='bbox 616 2033 744 2134; x_wconf 90' lang='lat' dir='ltr'>utique</span> <span class='ocrx_word' id='word_1_83' title='bbox 761 2057 835 2109; x_wconf 92' lang='lat' dir='ltr'>non</span> <span class='ocrx_word' id='word_1_84' title='bbox 852 2032 1063 2110; x_wconf 89' lang='lat' dir='ltr'>omisissent</span> <span class='ocrx_word' id='word_1_85' title='bbox 1080 2032 1112 2108; x_wconf 86' lang='lat' dir='ltr'>si</span> <span class='ocrx_word' id='word_1_86' title='bbox 1129 2031 1232 2108; x_wconf 90' lang='lat' dir='ltr'>illius</span> <span class='ocrx_word' id='word_1_87' title='bbox 1249 2056 1336 2108; x_wconf 90' lang='lat' dir='ltr'>reus</span> <span class='ocrx_word' id='word_1_88' title='bbox 1353 2031 1492 2108; x_wconf 87' lang='lat' dir='ltr'>fuisset.</span> 
     </span>
     <span class='ocr_line' id='line_1_13' title="bbox 366 2166 1495 2269; baseline -0.003 -27"><span class='ocrx_word' id='word_1_89' title='bbox 366 2211 413 2223; x_wconf 89' lang='lat'><em>-</em></span> <span class='ocrx_word' id='word_1_90' title='bbox 429 2167 487 2244; x_wconf 79' lang='lat' dir='ltr'>Ad</span> <span class='ocrx_word' id='word_1_91' title='bbox 509 2168 826 2246; x_wconf 88' lang='lat' dir='ltr'>confirmationem</span> <span class='ocrx_word' id='word_1_92' title='bbox 847 2171 972 2244; x_wconf 86' lang='lat' dir='ltr'>autem</span> <span class='ocrx_word' id='word_1_93' title='bbox 995 2192 1107 2268; x_wconf 90' lang='lat' dir='ltr'>quam</span> <span class='ocrx_word' id='word_1_94' title='bbox 1132 2167 1172 2243; x_wconf 95' lang='lat' dir='ltr'>in</span> <span class='ocrx_word' id='word_1_95' title='bbox 1195 2167 1268 2242; x_wconf 88' lang='lat' dir='ltr'>fine</span> <span class='ocrx_word' id='word_1_96' title='bbox 1285 2166 1400 2269; x_wconf 84' lang='lat' dir='ltr'>hujus</span> <span class='ocrx_word' id='word_1_97' title='bbox 1416 2189 1495 2268; x_wconf 90' lang='lat' dir='ltr'>pro·</span> 
     </span>
     <span class='ocr_line' id='line_1_14' title="bbox 366 2302 1496 2392; baseline -0.004 -14"><span class='ocrx_word' id='word_1_98' title='bbox 366 2302 525 2378; x_wconf 88' lang='lat' dir='ltr'>bationis</span> <span class='ocrx_word' id='word_1_99' title='bbox 554 2302 678 2380; x_wconf 88' lang='lat' dir='ltr'>innuit</span> <span class='ocrx_word' id='word_1_100' title='bbox 708 2303 856 2392; x_wconf 89' lang='lat' dir='ltr'>Oruice‚</span> <span class='ocrx_word' id='word_1_101' title='bbox 883 2302 933 2379; x_wconf 86' lang='lat' dir='ltr'>R.</span> <span class='ocrx_word' id='word_1_102' title='bbox 960 2302 1086 2379; x_wconf 83' lang='lat' dir='ltr'>Etiam</span> <span class='ocrx_word' id='word_1_103' title='bbox 1114 2303 1340 2379; x_wconf 84' lang='lat' dir='ltr'>intractato</span> <span class='ocrx_word' id='word_1_104' title='bbox 1369 2305 1496 2378; x_wconf 87' lang='lat' dir='ltr'>contra</span> 
     </span>
     <span class='ocr_line' id='line_1_15' title="bbox 366 2433 1494 2539; baseline -0.005 -27"><span class='ocrx_word' id='word_1_105' title='bbox 366 2437 401 2513; x_wconf 97' lang='lat' dir='ltr'>N</span> <span class='ocrx_word' id='word_1_106' title='bbox 404 2441 527 2513; x_wconf 87' lang='lat' dir='ltr'>cetum</span> <span class='ocrx_word' id='word_1_107' title='bbox 544 2437 710 2515; x_wconf 86' lang='lat' dir='ltr'>Verbum</span> <span class='ocrx_word' id='word_1_108' title='bbox 727 2439 773 2514; x_wconf 93' lang='lat' dir='ltr'>ab</span> <span class='ocrx_word' id='word_1_109' title='bbox 792 2436 995 2538; x_wconf 87' lang='lat' dir='ltr'>Hippolyto</span> <span class='ocrx_word' id='word_1_110' title='bbox 1014 2436 1176 2538; x_wconf 87' lang='lat' dir='ltr'>Spiritus</span> <span class='ocrx_word' id='word_1_111' title='bbox 1193 2434 1415 2539; x_wconf 88' lang='lat' dir='ltr'>appellatur.</span> <span class='ocrx_word' id='word_1_112' title='bbox 1435 2433 1494 2509; x_wconf 86' lang='lat' dir='ltr'>Ait</span> 
     </span>
     <span class='ocr_line' id='line_1_16' title="bbox 366 2555 1492 2676; baseline -0.003 -28"><span class='ocrx_word' id='word_1_113' title='bbox 366 2573 543 2650; x_wconf 92' lang='lat' dir='ltr'>nimirum</span> <span class='ocrx_word' id='word_1_114' title='bbox 560 2577 598 2675; x_wconf 80' lang='grc' dir='ltr'>(ι)</span> <span class='ocrx_word' id='word_1_115' title='bbox 620 2606 626 2650; x_wconf 95' lang='lat'>:</span> <span class='ocrx_word' id='word_1_116' title='bbox 652 2611 667 2640; x_wconf 69' lang='grc' dir='ltr'><em>α</em></span> <span class='ocrx_word' id='word_1_117' title='bbox 689 2574 932 2652; x_wconf 87' lang='lat' dir='ltr'>Manifestum</span> <span class='ocrx_word' id='word_1_118' title='bbox 954 2575 1155 2674; x_wconf 85' lang='lat' dir='ltr'>igiturest,</span> <span class='ocrx_word' id='word_1_119' title='bbox 1176 2555 1272 2676; x_wconf 89' lang='lat' dir='ltr'>quod</span> <span class='ocrx_word' id='word_1_120' title='bbox 1292 2571 1492 2672; x_wconf 77' lang='lat' dir='ltr'>[Christus]</span> 
     </span>
     <span class='ocr_line' id='line_1_17' title="bbox 368 2704 1492 2812; baseline -0.006 -26"><span class='ocrx_word' id='word_1_121' title='bbox 368 2747 384 2775; x_wconf 70' lang='lat' dir='ltr'>n</span> <span class='ocrx_word' id='word_1_122' title='bbox 405 2735 445 2786; x_wconf 89' lang='lat' dir='ltr'>se</span> <span class='ocrx_word' id='word_1_123' title='bbox 467 2713 545 2812; x_wconf 86' lang='lat' dir='ltr'>ipso</span> <span class='ocrx_word' id='word_1_124' title='bbox 566 2711 700 2790; x_wconf 90' lang='lat' dir='ltr'>obtulit</span> <span class='ocrx_word' id='word_1_125' title='bbox 724 2713 844 2792; x_wconf 91' lang='lat' dir='ltr'>Patri.</span> <span class='ocrx_word' id='word_1_126' title='bbox 870 2714 992 2788; x_wconf 84' lang='lat' dir='ltr'>Antea</span> <span class='ocrx_word' id='word_1_127' title='bbox 1016 2736 1105 2787; x_wconf 90' lang='lat' dir='ltr'>vero</span> <span class='ocrx_word' id='word_1_128' title='bbox 1133 2737 1207 2788; x_wconf 94' lang='lat' dir='ltr'>non</span> <span class='ocrx_word' id='word_1_129' title='bbox 1235 2714 1316 2788; x_wconf 89' lang='lat' dir='ltr'>erat</span> <span class='ocrx_word' id='word_1_130' title='bbox 1340 2711 1380 2786; x_wconf 93' lang='lat' dir='ltr'>in</span> <span class='ocrx_word' id='word_1_131' title='bbox 1404 2704 1492 2784; x_wconf 86' lang='lat' dir='ltr'>coelo</span> 
     </span>
     <span class='ocr_line' id='line_1_18' title="bbox 368 2843 1492 2946; baseline -0.004 -26"><span class='ocrx_word' id='word_1_132' title='bbox 368 2879 384 2908; x_wconf 69' lang='lat' dir='ltr'><em>n</em></span> <span class='ocrx_word' id='word_1_133' title='bbox 405 2867 503 2921; x_wconf 92' lang='lat' dir='ltr'>caro.</span> <span class='ocrx_word' id='word_1_134' title='bbox 538 2844 637 2932; x_wconf 89' lang='lat' dir='ltr'>Quid</span> <span class='ocrx_word' id='word_1_135' title='bbox 671 2870 759 2946; x_wconf 83' lang='lat' dir='ltr'>ergo</span> <span class='ocrx_word' id='word_1_136' title='bbox 792 2850 873 2922; x_wconf 90' lang='lat' dir='ltr'>erat</span> <span class='ocrx_word' id='word_1_137' title='bbox 906 2847 945 2921; x_wconf 93' lang='lat' dir='ltr'>in</span> <span class='ocrx_word' id='word_1_138' title='bbox 974 2844 1081 2933; x_wconf 83' lang='lat' dir='ltr'>coelo,</span> <span class='ocrx_word' id='word_1_139' title='bbox 1117 2845 1187 2920; x_wconf 93' lang='lat' dir='ltr'>nisi</span> <span class='ocrx_word' id='word_1_140' title='bbox 1218 2846 1385 2922; x_wconf 83' lang='lat' dir='ltr'>Verbum</span> <span class='ocrx_word' id='word_1_141' title='bbox 1419 2843 1492 2918; x_wconf 87' lang='lat' dir='ltr'>sine</span> 
     </span>
     <span class='ocr_line' id='line_1_19' title="bbox 369 2978 1492 3080; baseline -0.002 -28"><span class='ocrx_word' id='word_1_142' title='bbox 369 3011 384 3040; x_wconf 64' lang='lat' dir='ltr'>n</span> <span class='ocrx_word' id='word_1_143' title='bbox 406 3001 529 3067; x_wconf 90' lang='lat' dir='ltr'>carne,</span> <span class='ocrx_word' id='word_1_144' title='bbox 548 2978 646 3079; x_wconf 93' lang='lat' dir='ltr'>quod</span> <span class='ocrx_word' id='word_1_145' title='bbox 662 2979 819 3056; x_wconf 90' lang='lat' dir='ltr'>missum</span> <span class='ocrx_word' id='word_1_146' title='bbox 836 2983 892 3056; x_wconf 87' lang='lat' dir='ltr'>cst</span> <span class='ocrx_word' id='word_1_147' title='bbox 908 2983 951 3056; x_wconf 92' lang='lat' dir='ltr'>ut</span> <span class='ocrx_word' id='word_1_148' title='bbox 967 2978 1174 3056; x_wconf 82' lang='lat' dir='ltr'>ostenderet</span> <span class='ocrx_word' id='word_1_149' title='bbox 1190 3003 1242 3067; x_wconf 91' lang='lat' dir='ltr'>se,</span> <span class='ocrx_word' id='word_1_150' title='bbox 1258 2979 1322 3080; x_wconf 92' lang='lat' dir='ltr'>qui</span> <span class='ocrx_word' id='word_1_151' title='bbox 1341 2980 1381 3055; x_wconf 93' lang='lat' dir='ltr'>in</span> <span class='ocrx_word' id='word_1_152' title='bbox 1398 2984 1492 3055; x_wconf 88' lang='lat' dir='ltr'>terra</span> 
     </span>
    </p>
   </div>
   <div class='ocr_carea' id='block_1_6' title="bbox 369 3112 1491 3334">
    <p class='ocr_par' dir='ltr' id='par_1_6' title="bbox 369 3112 1491 3334">
     <span class='ocr_line' id='line_1_20' title="bbox 369 3112 1491 3224; baseline 0.009 -40"><span class='ocrx_word' id='word_1_153' title='bbox 369 3146 384 3174; x_wconf 69' lang='lat' dir='ltr'>n</span> <span class='ocrx_word' id='word_1_154' title='bbox 405 3114 598 3200; x_wconf 75' lang='lat' dir='ltr'>enatasse</span> <span class='ocrx_word' id='word_1_155' title='bbox 620 3113 734 3190; x_wconf 87' lang='lat' dir='ltr'>etiam</span> <span class='ocrx_word' id='word_1_156' title='bbox 750 3115 790 3190; x_wconf 92' lang='lat' dir='ltr'>in</span> <span class='ocrx_word' id='word_1_157' title='bbox 812 3115 928 3191; x_wconf 72' lang='lat' dir='ltr'>coelo?</span> <span class='ocrx_word' id='word_1_158' title='bbox 952 3113 1236 3224; x_wconf 83' lang='lat' dir='ltr'>Verbumenim</span> <span class='ocrx_word' id='word_1_159' title='bbox 1259 3119 1354 3204; x_wconf 88' lang='lat' dir='ltr'>erat,</span> <span class='ocrx_word' id='word_1_160' title='bbox 1379 3112 1491 3211; x_wconf 73' lang='lat' dir='ltr'>Spirt&#39;·</span> 
     </span>
     <span class='ocr_line' id='line_1_21' title="bbox 369 3246 877 3334; baseline 0.016 -16"><span class='ocrx_word' id='word_1_161' title='bbox 369 3246 877 3334; x_wconf 53' lang='lat' dir='ltr'>nmmffimmm</span> 
     </span>
    </p>
   </div>
   <div class='ocr_carea' id='block_1_7' title="bbox 415 3415 1560 3534">
    <p class='ocr_par' dir='ltr' id='par_1_7' title="bbox 415 3415 1560 3534">
     <span class='ocr_line' id='line_1_22' title="bbox 415 3415 1560 3534; baseline -0.01 -32"><span class='ocrx_word' id='word_1_162' title='bbox 415 3415 471 3501; x_wconf 75' lang='lat' dir='ltr'>tl.</span> <span class='ocrx_word' id='word_1_163' title='bbox 488 3421 573 3524; x_wconf 88' lang='lat' dir='ltr'><strong>Obj.</strong></span> <span class='ocrx_word' id='word_1_164' title='bbox 589 3439 636 3502; x_wconf 89' lang='lat' dir='ltr'>v.</span> <span class='ocrx_word' id='word_1_165' title='bbox 657 3424 822 3534; x_wconf 84' lang='lat' dir='ltr'>Libellus</span> <span class='ocrx_word' id='word_1_166' title='bbox 840 3422 1035 3527; x_wconf 89' lang='lat' dir='ltr'>Hippolyti</span> <span class='ocrx_word' id='word_1_167' title='bbox 1053 3448 1076 3500; x_wconf 93' lang='lat' dir='ltr'>a</span> <span class='ocrx_word' id='word_1_168' title='bbox 1093 3423 1230 3501; x_wconf 90' lang='lat' dir='ltr'>Photio</span> <span class='ocrx_word' id='word_1_169' title='bbox 1243 3423 1360 3501; x_wconf 89' lang='lat' dir='ltr'>lectus</span> <span class='ocrx_word' id='word_1_170' title='bbox 1374 3425 1411 3522; x_wconf 85' lang='lat'>(2)</span> <span class='ocrx_word' id='word_1_171' title='bbox 1428 3417 1489 3495; x_wconf 92' lang='lat' dir='ltr'>ini-</span> <span class='ocrx_word' id='word_1_172' title='bbox 1559 3449 1560 3458; x_wconf 47' lang='lat'>¹</span> 
     </span>
    </p>
   </div>
   <div class='ocr_carea' id='block_1_8' title="bbox 365 3553 1490 3636">
    <p class='ocr_par' dir='ltr' id='par_1_8' title="bbox 365 3553 1490 3636">
     <span class='ocr_line' id='line_1_23' title="bbox 365 3553 1490 3636; baseline -0.004 -6"><span class='ocrx_word' id='word_1_173' title='bbox 365 3553 459 3631; x_wconf 91' lang='lat' dir='ltr'>tium</span> <span class='ocrx_word' id='word_1_174' title='bbox 481 3555 639 3634; x_wconf 86' lang='lat' dir='ltr'>faciebat</span> <span class='ocrx_word' id='word_1_175' title='bbox 658 3583 681 3634; x_wconf 89' lang='lat' dir='ltr'>a</span> <span class='ocrx_word' id='word_1_176' title='bbox 703 3558 952 3636; x_wconf 89' lang='lat' dir='ltr'>Dositheanis.</span> <span class='ocrx_word' id='word_1_177' title='bbox 976 3560 1028 3634; x_wconf 83' lang='lat' dir='ltr'>At</span> <span class='ocrx_word' id='word_1_178' title='bbox 1049 3564 1180 3635; x_wconf 85' lang='lat' dir='ltr'>auctor</span> <span class='ocrx_word' id='word_1_179' title='bbox 1201 3559 1343 3634; x_wconf 66' lang='lat' dir='ltr'>Philon</span> <span class='ocrx_word' id='word_1_180' title='bbox 1365 3557 1402 3632; x_wconf 92' lang='lat' dir='ltr'>in</span> <span class='ocrx_word' id='word_1_181' title='bbox 1420 3557 1490 3629; x_wconf 90' lang='lat' dir='ltr'>toto</span> 
     </span>
    </p>
   </div>
   <div class='ocr_carea' id='block_1_9' title="bbox 366 3689 1559 3790">
    <p class='ocr_par' dir='ltr' id='par_1_9' title="bbox 366 3689 1559 3790">
     <span class='ocr_line' id='line_1_24' title="bbox 366 3689 1559 3790; baseline -0.002 -28"><span class='ocrx_word' id='word_1_182' title='bbox 366 3712 433 3765; x_wconf 90' lang='lat' dir='ltr'>suo</span> <span class='ocrx_word' id='word_1_183' title='bbox 451 3712 560 3789; x_wconf 85' lang='lat' dir='ltr'>opero</span> <span class='ocrx_word' id='word_1_184' title='bbox 583 3689 678 3767; x_wconf 93' lang='lat' dir='ltr'>nihil</span> <span class='ocrx_word' id='word_1_185' title='bbox 701 3691 746 3768; x_wconf 90' lang='lat' dir='ltr'>de</span> <span class='ocrx_word' id='word_1_186' title='bbox 769 3692 827 3770; x_wconf 89' lang='lat' dir='ltr'>his</span> <span class='ocrx_word' id='word_1_187' title='bbox 850 3692 1035 3769; x_wconf 84' lang='lat' dir='ltr'>haereticis</span> <span class='ocrx_word' id='word_1_188' title='bbox 1057 3690 1180 3768; x_wconf 89' lang='lat' dir='ltr'>habet.</span> <span class='ocrx_word' id='word_1_189' title='bbox 1202 3737 1248 3745; x_wconf 94' lang='lat'><em>-</em></span> <span class='ocrx_word' id='word_1_190' title='bbox 1272 3690 1322 3766; x_wconf 85' lang='lat' dir='ltr'>Et</span> <span class='ocrx_word' id='word_1_191' title='bbox 1339 3691 1490 3790; x_wconf 85' lang='lat' dir='ltr'>augetur</span> <span class='ocrx_word' id='word_1_192' title='bbox 1558 3751 1559 3760; x_wconf 40' lang='lat'>2</span> 
     </span>
    </p>
   </div>
   <div class='ocr_carea' id='block_1_10' title="bbox 365 3819 1488 4041">
    <p class='ocr_par' dir='ltr' id='par_1_10' title="bbox 365 3819 1488 4041">
     <span class='ocr_line' id='line_1_25' title="bbox 365 3819 1488 3929; baseline -0.002 -35"><span class='ocrx_word' id='word_1_193' title='bbox 365 3819 564 3900; x_wconf 87' lang='lat' dir='ltr'>difficultas</span> <span class='ocrx_word' id='word_1_194' title='bbox 582 3849 627 3900; x_wconf 84' lang='lat' dir='ltr'>ex</span> <span class='ocrx_word' id='word_1_195' title='bbox 644 3849 687 3902; x_wconf 87' lang='lat' dir='ltr'>co</span> <span class='ocrx_word' id='word_1_196' title='bbox 705 3826 801 3927; x_wconf 92' lang='lat' dir='ltr'>quod</span> <span class='ocrx_word' id='word_1_197' title='bbox 825 3830 862 3926; x_wconf 82' lang='lat' dir='ltr'>(a)</span> <span class='ocrx_word' id='word_1_198' title='bbox 880 3827 1075 3929; x_wconf 87' lang='lat' dir='ltr'>profitetur</span> <span class='ocrx_word' id='word_1_199' title='bbox 1098 3850 1137 3901; x_wconf 86' lang='lat' dir='ltr'>se</span> <span class='ocrx_word' id='word_1_200' title='bbox 1154 3849 1201 3900; x_wconf 88' lang='lat' dir='ltr'>nc</span> <span class='ocrx_word' id='word_1_201' title='bbox 1217 3848 1332 3901; x_wconf 90' lang='lat' dir='ltr'>unam</span> <span class='ocrx_word' id='word_1_202' title='bbox 1349 3823 1488 3926; x_wconf 88' lang='lat' dir='ltr'>quidem</span> 
     </span>
     <span class='ocr_line' id='line_1_26' title="bbox 365 3954 1101 4041; baseline 0.011 -11"><span class='ocrx_word' id='word_1_203' title='bbox 365 3954 538 4032; x_wconf 86' lang='lat' dir='ltr'>haeresim</span> <span class='ocrx_word' id='word_1_204' title='bbox 555 3959 791 4039; x_wconf 87' lang='lat' dir='ltr'>irrefutatam</span> <span class='ocrx_word' id='word_1_205' title='bbox 808 3963 978 4041; x_wconf 89' lang='lat' dir='ltr'>omittere</span> <span class='ocrx_word' id='word_1_206' title='bbox 994 3961 1101 4040; x_wconf 85' lang='lat' dir='ltr'>velle.</span> 
     </span>
    </p>
   </div>
   <div class='ocr_carea' id='block_1_11' title="bbox 414 4101 1486 4212">
    <p class='ocr_par' dir='ltr' id='par_1_11' title="bbox 414 4101 1486 4212">
     <span class='ocr_line' id='line_1_27' title="bbox 414 4101 1486 4212; baseline -0.002 -32"><span class='ocrx_word' id='word_1_207' title='bbox 414 4101 463 4180; x_wconf 91' lang='lat' dir='ltr'>R.</span> <span class='ocrx_word' id='word_1_208' title='bbox 497 4103 538 4181; x_wconf 88' lang='lat' dir='ltr'>Si</span> <span class='ocrx_word' id='word_1_209' title='bbox 567 4108 842 4208; x_wconf 86' lang='lat' dir='ltr'>perpendantur</span> <span class='ocrx_word' id='word_1_210' title='bbox 870 4135 915 4188; x_wconf 90' lang='lat' dir='ltr'>ea</span> <span class='ocrx_word' id='word_1_211' title='bbox 943 4135 1026 4212; x_wconf 85' lang='lat' dir='ltr'>quae</span> <span class='ocrx_word' id='word_1_212' title='bbox 1051 4107 1096 4184; x_wconf 89' lang='lat' dir='ltr'>de</span> <span class='ocrx_word' id='word_1_213' title='bbox 1122 4107 1299 4186; x_wconf 91' lang='lat' dir='ltr'>Dositheo</span> <span class='ocrx_word' id='word_1_214' title='bbox 1325 4112 1362 4187; x_wconf 88' lang='lat' dir='ltr'>ct</span> <span class='ocrx_word' id='word_1_215' title='bbox 1390 4103 1486 4184; x_wconf 85' lang='lat' dir='ltr'>Dosi-</span> 
     </span>
    </p>
   </div>
   <div class='ocr_carea' id='block_1_12' title="bbox 395 4371 1484 4538">
    <p class='ocr_par' dir='ltr' id='par_1_12' title="bbox 395 4371 1484 4538">
     <span class='ocr_line' id='line_1_28' title="bbox 395 4371 1484 4444; baseline -0.014 -8"><span class='ocrx_word' id='word_1_216' title='bbox 395 4375 426 4436; x_wconf 73' lang='grc' dir='ltr'>(Ι)</span> <span class='ocrx_word' id='word_1_217' title='bbox 438 4373 473 4424; x_wconf 82' lang='grc' dir='ltr'>Ν·</span> <span class='ocrx_word' id='word_1_218' title='bbox 486 4375 501 4424; x_wconf 74' lang='lat'>4</span> <span class='ocrx_word' id='word_1_219' title='bbox 513 4376 582 4426; x_wconf 72' lang='lat' dir='ltr'>extr·</span> <span class='ocrx_word' id='word_1_220' title='bbox 596 4376 638 4442; x_wconf 86' lang='grc' dir='ltr'>(Ρ.</span> <span class='ocrx_word' id='word_1_221' title='bbox 651 4377 683 4430; x_wconf 83' lang='lat' dir='ltr'>G.</span> <span class='ocrx_word' id='word_1_222' title='bbox 696 4381 716 4429; x_wconf 90' lang='lat' dir='ltr'>t.</span> <span class='ocrx_word' id='word_1_223' title='bbox 729 4378 763 4430; x_wconf 85' lang='lat' dir='ltr'>X.</span> <span class='ocrx_word' id='word_1_224' title='bbox 777 4393 804 4444; x_wconf 87' lang='lat' dir='ltr'>p.</span> <span class='ocrx_word' id='word_1_225' title='bbox 814 4379 880 4443; x_wconf 87' lang='grc'><strong>810).</strong></span> <span class='ocrx_word' id='word_1_226' title='bbox 979 4380 1010 4441; x_wconf 79' lang='lat' dir='ltr'>(a)</span> <span class='ocrx_word' id='word_1_227' title='bbox 1029 4378 1176 4444; x_wconf 77' lang='lat' dir='ltr'>speciatim</span> <span class='ocrx_word' id='word_1_228' title='bbox 1193 4375 1296 4429; x_wconf 76' lang='lat' dir='ltr'>Philos.</span> <span class='ocrx_word' id='word_1_229' title='bbox 1310 4377 1356 4430; x_wconf 81' lang='lat' dir='ltr'>vl.</span> <span class='ocrx_word' id='word_1_230' title='bbox 1372 4377 1388 4428; x_wconf 90' lang='lat'><strong>6</strong></span> <span class='ocrx_word' id='word_1_231' title='bbox 1404 4374 1442 4439; x_wconf 84' lang='grc' dir='ltr'>(Ρ.</span> <span class='ocrx_word' id='word_1_232' title='bbox 1457 4371 1484 4421; x_wconf 83' lang='lat' dir='ltr'>G.</span> 
     </span>
     <span class='ocr_line' id='line_1_29' title="bbox 397 4465 1333 4538; baseline 0.007 -22"><span class='ocrx_word' id='word_1_233' title='bbox 397 4467 429 4530; x_wconf 70' lang='grc' dir='ltr'>(ι)</span> <span class='ocrx_word' id='word_1_234' title='bbox 440 4465 512 4518; x_wconf 79' lang='lat' dir='ltr'>Teat.</span> <span class='ocrx_word' id='word_1_235' title='bbox 527 4468 551 4519; x_wconf 93' lang='lat'>1.</span> <span class='ocrx_word' id='word_1_236' title='bbox 564 4469 586 4523; x_wconf 81' lang='grc'><strong>8</strong></span> <span class='ocrx_word' id='word_1_237' title='bbox 598 4472 732 4536; x_wconf 70' lang='lat' dir='ltr'>(oppono.</span> <span class='ocrx_word' id='word_1_238' title='bbox 743 4486 805 4538; x_wconf 75' lang='lat' dir='ltr'>pag.</span> <span class='ocrx_word' id='word_1_239' title='bbox 816 4467 874 4538; x_wconf 77' lang='lat'><strong>20).</strong></span> <span class='ocrx_word' id='word_1_240' title='bbox 950 4475 970 4523; x_wconf 86' lang='lat' dir='ltr'>t.</span> <span class='ocrx_word' id='word_1_241' title='bbox 983 4471 1055 4524; x_wconf 85' lang='lat' dir='ltr'>xvl.</span> <span class='ocrx_word' id='word_1_242' title='bbox 1068 4475 1138 4537; x_wconf 81' lang='lat' dir='ltr'>part.</span> <span class='ocrx_word' id='word_1_243' title='bbox 1151 4472 1201 4524; x_wconf 92' lang='grc' dir='ltr'>ΙΙΙ.</span> <span class='ocrx_word' id='word_1_244' title='bbox 1215 4487 1241 4538; x_wconf 92' lang='lat' dir='ltr'>p.</span> <span class='ocrx_word' id='word_1_245' title='bbox 1251 4475 1333 4536; x_wconf 78' lang='lat'><strong>3205).</strong></span> 
     </span>
    </p>
   </div>
   <div class='ocr_carea' id='block_1_13' title="bbox 0 0 1590 5134">
    <p class='ocr_par' dir='ltr' id='par_1_13' title="bbox 0 0 1590 5134">
     <span class='ocr_line' id='line_1_30' title="bbox 0 0 1590 5134; baseline 0 1"><span class='ocrx_word' id='word_1_246' title='bbox 0 0 1590 5134; x_wconf 95' lang='lat' dir='ltr'> </span> 
     </span>
    </p>
   </div>
  </div>
 </body>
</html>
