3146 5154
372 451 431 513 268
600 467 671 513 mss.
695 471 723 513 v.
747 469 783 513 os
804 467 944 515 conrnov.
967 465 1048 512 cinci
1069 465 1149 511 alm.
1174 467 1287 516 naam.

368 655 405 728 et
428 651 625 752 impugnat
650 649 905 729 Tertullianus
930 657 1020 729 tunc
1043 653 1261 741 haereticus;
1288 657 1329 730 al
1349 651 1529 755 profecto

370 812 478 864 nemo
501 786 702 864 crediderit
724 812 811 863 eum
834 787 874 863 in
895 787 966 863 hac
988 787 1271 890 impugnatione
1291 785 1534 889 expressisse

371 947 521 998 sensum
545 921 785 999 catholicum.
816 921 926 999 Certe
951 921 1055 1008 olim,
1079 925 1281 1022 antequam
1300 920 1354 996 ita
1372 920 1535 995 Monta·

372 1056 557 1133 nistarum
575 1056 694 1132 errori
718 1057 918 1133 immersus
935 1058 1044 1142 essct,
1064 1053 1329 1132 auctoritatem
1353 1052 1537 1129 ccclesiae

372 1190 557 1270 Romanae
583 1215 629 1266 ex
655 1191 879 1266 auctoritate
904 1189 1010 1266 Petri
1036 1193 1073 1266 et
1099 1187 1212 1264 Pauli
1239 1189 1279 1262 in
1304 1212 1349 1263 ea
1378 1211 1540 1288 perma-

371 1329 499 1413 nente,
533 1324 743 1426 magnificis
773 1325 898 1401 verbis
932 1321 1154 1426 praedicavit
1184 1323 1243 1416 (ι),
1276 1325 1314 1396 et
1344 1319 1427 1406 hic,
1471 1319 1537 1393 nli

370 1460 562 1536 contendit
579 1461 800 1560 potestatem
818 1457 986 1535 solvendi
1004 1460 1041 1533 et
1058 1454 1240 1556 alligandi
1263 1456 1382 1530 Petro
1407 1477 1434 1529 a
1461 1453 1540 1527 Do-

371 1593 473 1669 mino
507 1593 688 1670 tributam
726 1593 825 1669 nr'lu'l
860 1591 1045 1694 pertinere
1080 1595 1133 1666 cd
1171 1589 1311 1664 delicta
1349 1590 1557 1680 fideliam?

370 1730 563 1824 capitolio,
589 1727 777 1805 laboriosa
799 1733 836 1804 et
854 1726 1066 1803 miserrima
1086 1722 1417 1826 argumentatione
1439 1749 1538 1800 con·

369 1861 521 1939 tradicit
545 1843 669 1938 sensui
696 1863 811 1940 totius
840 1861 1078 1963 antiquitatis
1108 1860 1330 1936 christianae
1362 1866 1402 1936 et
1432 1885 1539 1962 pra.L

370 2005 485 2089 terea,
506 2001 603 2077 sicut
620 2004 658 2077 et
673 2000 763 2076 dum
781 1999 946 2076 affirmat
963 2001 1186 2100 potestatem
1208 1996 1315 2073 illam
1333 2023 1538 2095 personn-
1557 2054 1558 2124 p

372 2138 460 2213 liter
489 2141 605 2212 Petro
632 2141 809 2213 collatura
837 2161 930 2224 esse,
963 2135 1142 2236 sibiipsi,
1169 2159 1285 2236 quum
1308 2139 1425 2212 antea
1447 2141 1537 2212 tam

371 2253 507 2349 diserte
542 2271 774 2349 enuntiasset
806 2267 852 2348 ad
887 2271 1131 2375 aperiendum
1164 2271 1304 2348 coelum
1338 2272 1473 2350 claves
1515 2299 1539 2348 a

374 2408 533 2485 Domino
551 2413 667 2484 Petro
684 2420 733 2496 ct,
746 2435 817 2506 per
835 2435 938 2497 erunt,
958 2409 1123 2483 ccclesiae
1141 2406 1291 2483 relictas
1310 2410 1324 2504 (
1341 2409 1367 2500 l.

372 2765 384 2784 n
398 2744 495 2796 sestam
513 2743 624 2794 Domini
640 2741 821 2793 intentionem
829 2755 920 2804 perso·
955 2765 967 2781 ··
982 2743 1046 2792 vitio
1064 2741 1228 2792 valeludinis
1244 2741 1317 2806 [Act.
1332 2754 1358 2792 v.
1380 2743 1411 2804 53
1433 2753 1471 2790 ru.
1494 2739 1531 2802 ῖζ.

372 2858 383 2876 η
397 2836 498 2884 naliter
509 2837 558 2884 hoc
571 2831 652 2884 Petro
663 2834 855 2892 conferentem.
869 2830 919 2881 Sn-
956 2855 967 2872 ν·
982 2831 1027 2884 Sic
1043 2834 1071 2884 et
1090 2833 1117 2883 in
1141 2832 1190 2882 illa
1210 2831 1415 2896 disceptatione
1436 2838 1534 2880 cusro-

372 2951 384 2970 a
393 2941 446 2990 per
461 2931 495 2986 le,
507 2924 607 2987 inquit,
619 2922 763 2974 oediilcabo
775 2923 921 2974 ecclesiam
957 2945 968 2966 n
981 2923 1182 2974 diendaenecne
1193 2922 1389 2987 legis‚primus
1398 2922 1532 2972 omnium

373 3041 385 3058 ··
399 3031 501 3080 meam3
524 3017 552 3067 et
574 3015 652 3067 Dabo
674 3011 721 3064 tur
743 3013 844 3072 clares,
866 3027 921 3064 non
956 3035 967 3054 ν

373 3108 530 3168 *ecstasim
556 3106 583 3155 ct
604 3104 789 3165 Quaecumque
809 3104 922 3154 solveris
957 3125 968 3145 ν

373 3219 385 3238 η
398 3196 440 3248 vel
455 3197 622 3258 allipcueris,
640 3207 695 3245 non
715 3207 775 3256 quae
794 3195 924 3243 solverint
958 3215 970 3234 ··

374 3310 386 3326 κ
398 3287 441 3336 vel
451 3286 636 3348 allipaoerr'nt.
650 3283 694 3336 Sic
707 3284 781 3335 enim
794 3286 822 3335 et
833 3284 922 3334 exitus
957 3306 969 3324 w

374 3401 386 3422 υ
400 3378 487 3430 docet.
512 3377 545 3427 ln
567 3376 627 3441 ipso
647 3376 766 3427 ecclesia
785 3377 924 3426 exstructa
959 3399 970 3418 n

374 3492 385 3510 u
399 3470 450 3530 est,
471 3468 499 3518 id
515 3469 557 3519 est
569 3481 618 3532 per
630 3467 731 3531 ipsum.
744 3466 803 3531 ipse
819 3466 924 3517 clavem
958 3488 971 3506 „

374 3581 386 3602 ν
400 3557 510 3622 imbuit;
524 3557 583 3607 vide
593 3571 675 3619 quam
688 3572 694 3606 :
709 3555 767 3607 Viri
779 3555 921 3614 lsraelilae.

374 3676 385 3694 ··
398 3651 511 3702 auribus
524 3647 651 3698 mandale
663 3659 723 3708 quaa
735 3645 810 3710 dico;
828 3645 924 3696 lesum
960 3669 971 3688 s·

374 3767 386 3786 ··
400 3743 575 3794 Nazarenum
586 3737 674 3787 virum
686 3750 703 3786 a
717 3735 775 3786 Deo
789 3736 865 3787 vobis
877 3737 922 3787 de·
958 3759 970 3780 a

375 3855 386 3871 κ
400 3832 533 3882 slinaium
552 3826 621 3894 [Act.
642 3841 668 3878 n.
685 3827 743 3891 22].
761 3829 788 3878 ai
806 3827 922 3890 reliqua.

326 3963 329 3970 .
369 3906 464 3985 '··lpse
489 3918 607 3981 denique
629 3915 736 3980 primus
763 3916 791 3966 in
822 3915 924 3967 Christi

375 4035 387 4054 ν
402 4010 538 4075 baptismo
546 4006 678 4059 reseravit
689 4005 923 4058 aditumcosleslis
958 4027 970 4047 ι·

375 4124 386 4142 n
400 4107 493 4170 regni„
501 4111 555 4162 quc
567 4097 712 4149 solvuntur
723 4096 836 4161 alligata
848 4098 922 4148 reiro
957 4118 969 4139 ν

981 3013 1083 3064 Petrus
1096 3013 1194 3078 spiritu
1212 3013 1363 3064 instinctus
1382 3015 1411 3063 et
1429 3013 1466 3063 de
1482 3025 1532 3062 ns-

982 3103 1089 3153 ticnum
1116 3101 1259 3154 vocatione
1286 3103 1423 3168 praelatus
1455 3117 1462 3152 :
1498 3101 1535 3150 Et

985 3205 1067 3250 nuuc,
1091 3192 1191 3255 inquit,
1221 3205 1271 3242 cur
1291 3193 1406 3244 tentalis
1429 3191 1530 3242 Domi-

984 3297 1048 3333 num
1066 3283 1100 3334 de
1117 3282 1283 3346 imponendo
1303 3285 1375 3358 jugo
1390 3285 1533 3334 iratribus

985 3374 1057 3437 quod
1066 3387 1155 3438 neque
1166 3387 1215 3424 nos
1228 3387 1317 3437 neque
1326 3377 1420 3438 patres
1437 3379 1532 3427 nostri

985 3467 1101 3516 sufferre
1118 3464 1278 3516 valueruntl
1305 3464 1358 3516 Sed
1380 3466 1459 3516 enim
1479 3482 1532 3530 por

958 3578 970 3598 κ
983 3555 1101 3619 gratiam
1124 3555 1192 3606 Jeau
1215 3555 1354 3605 credimus
1375 3570 1426 3606 nos
1455 3557 1529 3607 salu·

985 3647 1042 3696 tom
1053 3647 1251 3696 consecuturo·
1264 3644 1337 3696 sicut
1353 3647 1382 3697 et
1397 3645 1440 3696 illi
1454 3647 1527 3714 [Act.

983 3735 1219 3800 sv.10,ll].Haec
1239 3736 1380 3788 sententia
1397 3739 1425 3788 et
1444 3739 1528 3790 solvit

960 3849 972 3868 w
986 3841 1047 3890 quaa
1059 3827 1159 3878 omissa
1179 3829 1243 3877 sunt
1256 3827 1337 3892 logis.
1357 3829 1386 3878 et
1398 3829 1528 3894 alligavit

960 3930 1046 3980 rquae
1065 3917 1203 3966 reservata
1218 3919 1291 3966 sunt.
1306 3916 1382 3967 Adeo
1399 3922 1472 3969 nihii
1490 3927 1528 3972 od

983 4006 1082 4055 delicia
1106 4005 1229 4066 fidelium
1248 4006 1380 4066 capitalia
1404 4016 1526 4069 poteslas

982 4098 1137 4148 solvendam
1158 4096 1294 4157 alligandi
1310 4093 1397 4147 Petro
1409 4107 1526 4150 enrarrrr'-

375 4213 387 4232 ν·
401 4190 500 4242 delicto
511 4193 538 4240 et
555 4187 707 4253 alligantur
719 4201 779 4250 quae
793 4200 847 4237 non
865 4187 923 4237 lue·
959 4209 971 4228 κ
981 4193 1049 4249 palu
1062 4209 1074 4230 n
1089 4185 1133 4244 ιΡ.
1147 4185 1179 4236 L.
1193 4187 1212 4236 t.
1227 4184 1262 4236 11.
1276 4199 1302 4249 p.
1323 4187 1483 4253 localem).

375 4301 387 4318 ··
402 4279 457 4330 rint
469 4277 569 4336 soluta.
584 4275 736 4327 secuudum
750 4289 842 4327 veram
855 4276 925 4327 salu-

991 4277 1021 4340 (1)
1040 4273 1079 4326 De
1092 4273 1254 4337 Praescript.
1268 4287 1328 4338 cap.
1347 4276 1382 4326 36
1397 4279 1454 4341 (cit.
1469 4283 1522 4344 Ap.

375 4399 387 4417 u
401 4377 470 4438 tem3
496 4378 524 4424 et
546 4374 681 4425 Ananiam
704 4374 790 4424 vinxit
813 4375 922 4426 vinculo
956 4374 1038 4440 pand.
1050 4388 1113 4440 pag.
1126 4367 1162 4434 8).

376 4487 388 4502 „
402 4465 507 4525 mortis,
518 4466 545 4517 et
554 4465 672 4518 debilem
685 4465 800 4530 pedibus
809 4457 926 4516 absolvit

996 4470 1025 4529 (a)
1039 4465 1094 4516 Cir.
1111 4477 1194 4528 supra
1207 4477 1269 4529 pag.
1283 4477 1367 4528 praec.
1383 4469 1440 4517 nol.
1454 4469 1477 4518 2.
