3170 5134
451 459 513 506 car.
536 458 583 504 ur:
600 456 635 502 tu
658 454 841 502 nrrronrrus.
1158 435 1215 496 teo

91 628 204 705 seculo
221 626 277 702 ΙΙΙ
295 624 528 701 vehementes
547 623 586 698 in
603 619 760 698 ecclesia
777 620 951 697 Romana
969 622 1118 696 exortas
1135 645 1216 697 osse

90 761 347 839 controversias
365 761 464 836 circa
480 756 690 837 doctrinam
708 754 753 830 de
767 754 834 832 SS.
857 751 1056 842 trinitate,
1072 759 1110 830 et
1128 753 1213 832 Cal-

89 894 206 972 listum
228 897 273 972 ab
295 892 520 971 adversariis
548 890 626 966 suis
652 890 869 966 accusatum
891 911 971 963 esse
995 886 1092 989 quod
1116 886 1213 964 hanc

89 1031 280 1108 doctrinam
298 1030 552 1129 corrumperet
576 1027 627 1124 (1),
646 1024 727 1125 jam
746 1022 854 1098 facile
872 1021 985 1123 hujus
1007 1020 1211 1099 accusatio-

90 1165 139 1240 nis
155 1166 366 1242 memoriam
380 1165 419 1240 in
436 1159 652 1264 apocrypha
670 1157 737 1234 illa
753 1155 953 1234 traditione
966 1157 1122 1233 obscure
1140 1181 1213 1232 ser-

89 1305 202 1379 vatam
224 1307 333 1404 atque
357 1304 411 1400 (ut
427 1301 467 1376 in
484 1299 543 1374 his
561 1297 671 1374 rebus
690 1320 764 1371 non
786 1317 872 1370 raro
895 1293 976 1370 fieri
995 1292 1099 1392 solet)
1121 1318 1211 1372 ana·

89 1433 274 1512 chronismi
304 1439 441 1538 praeter
466 1432 542 1510 alia
570 1431 663 1508 uitio
690 1429 926 1530 deturpatam
956 1431 1208 1530 agnoscimus,

90 1567 270 1673 Quumque
292 1575 474 1673 praeterea
497 1567 625 1644 eadem
647 1565 713 1641 illa
731 1564 922 1668 popularis
939 1567 1094 1644 traditio
1117 1567 1210 1672 Hip-

89 1703 241 1806 polytum
262 1706 375 1783 etiam
399 1707 444 1782 ob
469 1704 641 1780 haeresim
660 1703 877 1780 damnatum
903 1703 1053 1793 referat,
1073 1708 1109 1781 ct
1130 1730 1211 1781 rur-

89 1863 143 1914 sus
156 1865 223 1916 non
240 1866 325 1918 raro
343 1841 383 1916 in
400 1866 442 1917 eo
460 1864 594 1942 genere
611 1838 924 1928 testimoniorum,
944 1840 1117 1940 quamvis
1134 1840 1211 1919 alia

89 1975 200 2051 omnio
220 1976 436 2078 perturbata
459 1975 548 2064 sint,
575 1975 775 2076 conjuncta
800 1975 1035 2075 reperiantur
1058 1975 1210 2054 nomina

90 2133 203 2188 eorum
226 2114 287 2214 qui
311 2113 442 2189 iisdem
466 2113 576 2188 rebus
598 2109 751 2211 agendis
777 2107 905 2210 aliqua
928 2109 1070 2187 ratione
1096 2110 1209 2187 simul

90 2243 321 2326 interfuerunt
345 2279 352 2324 :
380 2248 477 2337 inde,
508 2227 716 2351 praesertim
741 2244 772 2320 si
794 2244 1034 2321 attendantur
1055 2247 1110 2321 tot
1133 2243 1210 2322 alia

90 2376 212 2457 indicia
224 2407 334 2485 supra
352 2381 548 2470 recensita,
564 2385 707 2484 sponte,
728 2379 765 2456 ni
784 2379 908 2468 fallor,
925 2379 1143 2456 deducimur
1159 2380 1206 2456 ad

89 2512 360 2592 concludendum
391 2515 452 2592 hic
482 2515 595 2591 etiam
621 2513 813 2616 indigitari
843 2517 1031 2590 auctorem
1059 2512 1104 2588 de
1133 2539 1206 2614 quo

89 2646 154 2724 tota
169 2649 245 2726 haec
262 2651 434 2727 instituta
450 2653 506 2727 est
523 2647 726 2752 disputatio
740 2651 789 2748 (a).

110 2933 135 2992 (rt
161 2932 258 2986 Ptrttos.
288 2936 335 2986 IX.
368 2938 395 2986 ll
429 2937 456 2986 et
484 2937 513 2986 12
542 2935 612 2985 med.
649 2933 729 2996 ”cipi
748 2946 836 2996 noque
853 2933 1037 2998 appellatione
1053 2935 1110 2986 ulla
1130 2950 1204 2987 com-

85 3025 201 3091 tdppand.
215 3045 291 3097 pagg.
304 3025 354 3098 46,
363 3025 400 3082 48
412 3029 501 3094 ento).
645 3051 657 3070 n
671 3029 804 3093 prehendi
832 3032 956 3094 possunt,
983 3032 1135 3094 perrectum
1160 3031 1203 3082 in·

110 3121 134 3172 ot
146 3117 199 3178 Qua
210 3121 312 3172 ratione
324 3121 524 3171 autemiactum
537 3119 572 3169 ait
585 3121 615 3170 ut
648 3141 660 3160 n
674 3133 734 3172 esse
757 3120 903 3182 ituemdam
922 3120 1040 3172 AEonem
1063 3125 1202 3184 asserunt,

86 3205 187 3269 scriptor
198 3213 286 3262 noster
298 3211 342 3262 tric
355 3208 553 3261 traducaturut
563 3209 613 3259 Va·
648 3232 659 3251 a
674 3223 754 3272 quem
767 3210 794 3259 ot
810 3210 929 3274 primum
946 3209 1091 3260 Parentem
1107 3213 1135 3260 et
1149 3210 1202 3275 By-

85 3286 259 3361 testimoniata,
275 3314 330 3350 non
347 3297 461 3350 difficile
480 3298 609 3363 intelligi·
645 3321 658 3340 n

86 3388 612 3446 turaicumdoctrinaValentiniancrum

85 3479 237 3533 conserantur
247 3497 279 3535 ea
291 3495 351 3545 quaa
363 3484 396 3533 da
405 3483 495 3533 Verbo
507 3482 613 3546 origine

86 3573 161 3618 rerum
180 3573 259 3624 tradit
277 3573 323 3623 tio.
346 3573 380 3624 X.
404 3587 464 3636 cap.
489 3574 521 3624 33
544 3572 581 3622 in.
606 3589 612 3623 :

86 3653 180 3710 rCaum
202 3663 256 3727 (aits
282 3677 378 3715 eorum
403 3677 463 3726 quae
490 3663 612 3715 esistunt

87 3739 302 3824 damonum...
314 3754 386 3804 haud
399 3753 514 3818 ignarus
523 3755 611 3818 patar-

86 3843 139 3883 'nae
152 3842 326 3906 cogitationis.
341 3843 410 3894 Nam
430 3843 511 3893 simui
529 3845 610 3906 atquo

86 3931 131 3970 'tx
144 3929 257 3990 genitore
270 3932 415 4006 processit,
427 3933 611 3998 primogenita

87 4012 152 4072 'tius
166 4020 231 4072 tacta
246 4037 306 4084 vox,
320 4023 403 4074 trabat
418 4024 447 4074 in
463 4025 610 4088 semetipso

88 4097 167 4156 -idaaa
191 4123 207 4160 a
235 4111 316 4164 Patre
345 4113 567 4178 praecogitatas...
599 4136 611 4154 n

88 4183 118 4238 ΙῬ-
138 4195 163 4246 G.
185 4201 203 4250 t.
227 4201 297 4253 XVI.
322 4206 391 4268 part.
417 4217 453 4255 m.
478 4219 504 4268 p.
528 4205 611 4266 3448).

87 4269 115 4326 ΒΘ
128 4281 315 4342 Valentinianis
330 4295 421 4344 autam
441 4293 610 4345 Errrnsurus

87 4355 143 4422 Hor.
155 4375 192 4426 31.
206 4392 230 4428 n.
245 4381 272 4430 10
285 4395 291 4430 ι
306 4403 319 4424 0·
333 4371 476 4446 Principio
488 4382 516 4434 in
529 4383 610 4434 subii-

87 4457 225 4518 *miurinus
238 4469 368 4533 itlia‚quae
380 4485 468 4534 nequa
477 4472 537 4522 visu
546 4486 606 4536 per-

671 3298 1062 3373 ttrumnominant.·..Quooum
1070 3299 1200 3351 Ennaaam

647 3414 659 3432 -ν
672 3392 795 3442 extitisse
805 3391 919 3457 pariter,
929 3405 1011 3455 quam
1023 3393 1070 3442 isti
1079 3393 1201 3469 Gratiam

648 3505 660 3522 s·
673 3496 704 3532 ac
717 3482 800 3547 Sigon
817 3483 923 3534 vocant.
937 3484 976 3535 Ac
993 3485 1076 3535 tuisse
1093 3486 1201 3549 tempus

649 3595 661 3616 n
675 3571 901 3636 aliquando,cum
910 3573 1015 3640 Bythos
1023 3574 1069 3625 illa
1077 3577 1200 3628 omnium

646 3685 657 3704 u
672 3677 705 3713 ex
717 3677 778 3714 sese
787 3663 937 3728 primordia
947 3665 1098 3728 producere
1109 3665 1199 3718 volue-

646 3775 658 3794 ῃ
673 3753 718 3812 rit.
742 3767 773 3804 ac
793 3755 932 3817 tamquam
953 3757 1068 3815 semina,
1090 3771 1150 3820 quoa
1170 3757 1200 3810 in

646 3867 657 3885 κ
672 3843 754 3908 Sigen
764 3843 897 3907 aequatem
910 3859 942 3894 ac
954 3859 1109 3910 comparem
1120 3861 1199 3898 suam
1301 3897 1307 3910 ,

645 3955 657 3974 n
671 3933 778 3984 infudit.
793 3935 861 3984 Eam
879 3948 963 3998 porro
975 3935 1079 3986 semine
1091 3935 1139 3985 illo
1151 3950 1184 3988 ex

646 4027 750 4088 „cepto
775 4026 916 4090 gravidam
941 4027 1051 4077 demum
1080 4027 1197 4080 similem

648 4135 659 4156 n
672 4115 793 4178 genitori
809 4127 858 4164 suc
874 4114 937 4165 Nun
949 4115 1137 4179 aequalemque
1149 4132 1195 4182 pa-

648 4227 659 4244 ·
674 4204 788 4268 perisse,
800 4205 847 4267 qui
859 4205 934 4254 solue
951 4205 1077 4254 Parentis
1090 4207 1195 4270 magni-

644 4295 792 4346 ntudinem
824 4297 941 4358 caperet.
972 4295 1105 4346 Eumdem
1133 4299 1196 4348 Nun

646 4406 657 4422 u
672 4384 753 4434 etiam
771 4385 924 4449 Unigcnum
937 4385 1088 4436 nominavit
1099 4389 1127 4437 at
1143 4387 1195 4436 Pa·
1289 4406 1291 4414 ⁴

644 4475 739 4524 utrem
765 4477 790 4526 et
815 4473 986 4538 Principium
1014 4487 1108 4552 rerum
1135 4489 1193 4528 om·
