3132 5140
479 471 539 518 car.
564 472 602 515 vr.
627 471 662 516 sn
683 470 900 517 ranruuuunus.
1207 462 1260 520 181

119 664 131 678 -
153 626 414 704 emendatione
430 651 512 714 sua,
532 629 570 702 et
586 629 715 702 manet
735 625 1031 727 chirographum
1053 629 1153 730 apud
1171 630 1266 732 Psy-

118 762 279 839 -chioos
314 765 367 862 (ι),
401 761 500 864 apud
534 786 627 863 quos
657 764 747 837 tunc
785 785 843 836 res
878 765 984 862 gesta
1017 767 1091 851 est;
1127 767 1264 841 calade

118 898 399 974 -sr'leatium...
437 898 578 973 Avenae
612 919 702 972 vero
737 894 814 971 illae
848 895 978 1008 utique
1010 899 1101 973 tunc
1139 921 1264 974 semen

118 1069 131 1081 -
151 1035 410 1107 excusserant.
435 1035 498 1106 Ito
514 1031 763 1126 aliquamdiu
782 1056 858 1127 per
876 1031 1092 1126 hypocrisin
1108 1035 1265 1108 subdola

118 1168 352 1244 -oieacztote
386 1173 424 1242 l
426 1167 551 1243 ttouzt
584 1178 621 1241 et
654 1191 762 1242 nunc
792 1170 918 1240 denuo
947 1166 1086 1260 erupit
1060 1163 1265 1272 tSedt
1220 1167 1265 1241 ·te
1336 1141 1339 1147 A

118 1302 274 1379 -denuo
310 1301 576 1387 eradicabitur,
614 1299 644 1375 si
680 1298 845 1375 voluerit
879 1297 1130 1374 Dominus.
1170 1265 1265 1385 Qua

116 1437 238 1513 omnia
255 1436 352 1512 mire
370 1433 596 1511 concordant
612 1458 698 1509 oum
716 1433 763 1509 iis
782 1458 866 1533 quae
892 1431 1005 1510 refert
1022 1433 1154 1508 auctor
1170 1433 1264 1507 Pai-

116 1577 176 1648 los.
205 1571 275 1647 IX.
302 1578 325 1644 7
348 1571 399 1668 (at,
420 1569 482 1645 ubi
511 1569 721 1670 Epigonus,
749 1567 955 1670 discipulus
974 1567 1099 1656 Noetu
1128 1567 1266 1644 dieitur

117 1706 247 1784 Rornae
273 1706 413 1806 degens
437 1701 767 1802 superseminasse
791 1705 953 1800 implora
983 1677 1092 1779 illum
1118 1714 1266 1778 scaten-

116 1845 220 1930 tium,
241 1841 472 1944 Zephyrium
494 1840 576 1917 viro
600 1842 749 1916 indocto
766 1851 801 1914 et
828 1839 1038 1924 illitterata
1059 1835 1114 1912 illi
1133 1840 1264 1913 conui-

118 1989 232 2065 mare,
268 1977 349 2079 ipse
379 1980 506 2053 autem
540 1979 671 2074 auctor
701 1978 826 2051 noster
852 1973 987 2050 haeresi
1018 1972 1199 2050 restitisse
1228 1978 1266 2049 et
1328 1969 1330 1976 '

116 2112 338 2188 Pontificem
356 2137 400 2188 ac
419 2110 618 2188 diaconum
636 2111 716 2211 ejus
739 2108 955 2210 coarguisse
972 2111 1010 2183 et
1027 2106 1165 2184 invitos
1183 2132 1264 2183 eoe-

117 2245 210 2345 gisse
241 2247 443 2322 veritatem
469 2245 637 2322 confiteri
672 2276 678 2320 :
716 2295 731 2309 -
766 2244 829 2346 qui
861 2244 907 2319 ad
937 2246 1084 2344 tempus
1115 2241 1264 2345 quidem

120 2367 337 2480 -pudentes
371 2384 409 2455 et
437 2405 461 2456 a
490 2379 651 2456 veritate
680 2379 800 2457 coacti
831 2379 1119 2465 confitebantur,
1151 2377 1264 2480 paulo

121 2518 237 2614 ·post
270 2516 397 2590 autem
434 2513 480 2594 ad
515 2513 615 2590 idem
644 2538 793 2590 coenum
828 2512 1129 2591 revolvebantur.
1167 2549 1181 2565 ·
1217 2559 1264 2568 -—

119 2650 222 2735 cuod
243 2652 372 2727 autem
397 2649 514 2727 multo
539 2649 767 2727 moderatior
789 2655 846 2725 est
870 2673 992 2726 sermo
1018 2649 1057 2724 in
1080 2647 1176 2724 libro
1199 2649 1262 2724 ad-

118 2807 243 2860 versus
274 2785 464 2861 Praxeam
495 2809 608 2886 quam
630 2785 674 2859 in
704 2787 848 2860 Pln'los.
878 2788 914 2859 et
944 2781 1138 2885 speciatim
1165 2783 1261 2883 quod

119 2919 266 2995 uomina
279 2943 408 2995 eorum
427 2919 491 3020 qui
510 2919 781 3021 impugnantur
799 2918 838 2993 in
856 2917 921 2994 ilio
940 2941 1142 3019 suppressa
1160 2921 1260 3006 sunt,

119 3079 186 3132 non
210 3057 264 3134 ita
294 3057 446 3134 difficile
473 3055 697 3158 explicatur,
725 3055 873 3132 etiamsi
905 3055 1003 3131 idem
1030 3059 1263 3157 supponatur

119 3195 256 3280 auctor,
273 3191 306 3267 si
324 3192 544 3282 advertatur
563 3190 704 3267 scilicet
720 3157 860 3265 librum
878 3188 1058 3264 adversus
1073 3189 1262 3265 Praxeam

119 3331 367 3433 conscriptum
397 3354 477 3405 esse
507 3331 593 3405 ante
624 3328 891 3406 Pontificatum
919 3323 1081 3415 Callisti,
1113 3323 1262 3426 quando

122 3463 281 3541 nondum
307 3464 360 3540 ita
386 3466 605 3539 exarserant
630 3462 698 3538 irae
723 3461 906 3538 adversus
936 3486 1021 3536 eum
1048 3464 1085 3537 et
1114 3462 1262 3561 quando

122 3625 198 3701 spes
215 3601 339 3678 adhuc
356 3604 439 3676 eret
455 3599 682 3675 adversariis
700 3597 880 3675 doctrinae
898 3596 1102 3700 Zephyrini
1120 3601 1157 3672 et
1175 3595 1262 3674 Oar-

122 3733 193 3812 listi
210 3733 405 3838 quosdam,
425 3760 517 3837 quos
535 3758 662 3811 secum
679 3733 950 3811 eonsentientes
969 3756 1042 3807 non
1061 3731 1260 3817 hebebant,

124 3869 164 3945 ad
182 3897 267 3949 suas
286 3876 411 3974 partes
429 3871 635 3948 adducendi
654 3875 691 3968 (a)
714 3901 720 3946 :
743 3895 835 3971 quos
855 3893 929 3945 non
947 3867 1058 3944 nimis
1077 3866 1263 3943 offendere

125 4032 183 4086 nec
200 4011 385 4088 infamare
402 4009 587 4111 imprimis
606 4009 800 4087 referebat.

154 4315 250 4374 tube.
265 4316 431 4369 catholicos.
705 4318 731 4367 et
752 4319 893 4382 speratum
917 4315 1001 4366 tuisse
1030 4312 1098 4363 satis
1125 4309 1265 4375 significet
1373 4339 1383 4360 .

155 4397 241 4460 lucit.
254 4400 380 4464 Append.
396 4413 457 4465 pag.
471 4395 506 4450 lo
520 4400 588 4450 extr.
705 4403 803 4452 auctor
829 4399 936 4454 Philus.
974 4397 1021 4450 IX.
1059 4399 1086 4448 ll
1123 4393 1262 4458 (append

154 4478 181 4544 (a)
192 4481 268 4542 Quod
279 4485 356 4534 circu
368 4481 517 4535 Sabellium
534 4484 670 4536 tentatum
705 4497 767 4548 pag.
781 4477 837 4546 46).
