3170 5134
749 1113 992 1212 CAPUT
1023 1131 1063 1211 I.
1173 1253 1176 1260 .

401 1390 474 1455 QL'O
494 1389 667 1446 TEMPORE
687 1389 1046 1444 PHILOSOPHOUMENA
1067 1389 1292 1446 CONSCRIPTA
1314 1391 1410 1446 SINT.

388 1855 420 1937 Ι.
444 1857 587 1959 Auctor
616 1854 812 1955 profitetur
841 1877 881 1928 se
901 1835 1078 1929 'ooaevum
1111 1854 1227 1930 fuisse
1261 1855 1484 1958 Zephyrino

336 1995 375 2070 S.
394 1995 439 2068 P.
462 1994 533 2090 (on.
554 1991 726 2086 202-218)
741 1991 778 2064 et
794 1985 950 2065 Callisto
968 1987 1049 2088 ejus
1067 1973 1273 2064 successori
1290 1991 1362 2085 (an.
1384 1995 1483 2066 218-

333 2129 416 2224 223)
435 2129 472 2202 ei
489 2124 579 2200 sotis
597 2123 737 2202 indicet
754 2148 793 2199 so
810 2127 894 2224 post
910 2122 1024 2224 hujus
1042 2122 1183 2200 obitum
1202 2121 1397 2224 scripsisse
1413 2127 1483 2202 vel

334 2259 467 2336 saliem
493 2260 561 2336 sub
587 2259 660 2334 fine
685 2259 765 2359 ejus
786 2257 1023 2359 pontificatus
1044 2260 1097 2356 (1).
1119 2257 1331 2333 Videndum
1355 2258 1483 2358 igitur

331 2397 459 2470 utrum
477 2392 558 2469 haeo
571 2417 659 2468 vere
671 2392 770 2469 dioto
783 2392 858 2468 sint
869 2416 918 2469 on
932 2393 1089 2470 conficta
1102 2393 1148 2470 ab
1161 2391 1287 2494 aliquo
1301 2391 1476 2471 falsario.

383 2571 420 2653 2.
446 2591 478 2654 1.
507 2571 728 2673 mquidem
753 2571 946 2648 fatendum
969 2574 1121 2647 estnon
1145 2571 1273 2648 heberi
1298 2569 1389 2646 sotis
1415 2569 1479 2648 di-

330 2713 430 2787 serta
446 2707 659 2785 testimonia
672 2705 731 2782 vel
745 2704 821 2782 olio
837 2704 976 2782 indicio
988 2716 1162 2794 externo,
1179 2705 1312 2806 quibus
1330 2703 1366 2780 id
1380 2730 1479 2783 vere

327 2847 467 2924 dietum
501 2869 582 2921 esse
609 2844 760 2945 probari
793 2843 921 2944 possit.
960 2843 1044 2918 Duo
1078 2845 1177 2920 enim
1209 2842 1478 2919 tantummodo

327 2983 470 3056 veteres
496 2977 695 3078 scriptores
725 3001 818 3077 opus
844 2980 1026 3065 nostrum,
1054 2976 1129 3052 imo
1155 2978 1193 3052 et
1217 2973 1338 3051 solum
1363 2973 1476 3054 illius

327 3118 466 3195 librum
479 3116 678 3204 decimum,
694 3115 869 3191 videntur
882 3115 1042 3202 novisse,
1060 3112 1343 3190 Tflsooossros
1356 3111 1475 3188 nimi-

327 3277 412 3328 rum
429 3256 466 3329 ot
483 3253 666 3364 Pri-opos
686 3297 730 3306 -
746 3249 1029 3327 Tfloooommos
1043 3248 1185 3348 scilieet
1197 3273 1241 3326 eo
1254 3273 1338 3350 quae
1356 3248 1476 3327 ottin-

281 3418 282 3421 ‘
327 3386 382 3488 git
399 3386 444 3462 de
462 3385 626 3472 Simone,
646 3385 691 3460 de
708 3385 871 3473 Perosis,
891 3384 936 3461 de
955 3385 1074 3462 Noeto
1096 3385 1195 3460 etde
1213 3383 1368 3463 Callisto
1387 3409 1474 3463 ma-

325 3522 457 3600 nifeste
477 3521 537 3598 vel
560 3547 606 3598 ox
629 3525 706 3598 toto
723 3520 783 3597 vel
808 3521 865 3616 (de
883 3521 1046 3620 Simone)
1063 3546 1110 3598 ex
1131 3525 1238 3623 porte
1259 3521 1474 3621 desumpsit

324 3685 370 3737 ex
395 3661 789 3755 Pm'losopooooaeoon
806 3655 901 3734 libro
927 3657 1070 3733 decimo
1085 3657 1134 3755 (2).
1165 3653 1316 3733 eeteros
1338 3657 1470 3733 autem

355 3945 385 4011 (ι)
397 3944 502 3996 Philos.
516 3943 565 3997 lx.
577 3946 603 4006 7,
617 3945 647 3994 13
663 3945 795 4008 (Appond.
809 3959 871 4008 pag.
907 3943 1027 4001 Simone,
1049 3942 1116 3994 circ.
1142 3943 1212 3993 med.
1233 3959 1239 3993 :
1262 3965 1274 3986 a
1297 3943 1471 4007 Hujusmodi

322 4041 374 4102 lm
393 4043 459 4094 ibid.
475 4043 513 4104 12,
524 4041 571 4093 ubi
583 4041 677 4094 omnia
691 4055 724 4092 eo
735 4055 795 4105 quoe
807 4041 869 4094 Cal·
904 4042 1025 4093 rabulam
1044 4041 1089 4092 hio
1106 4043 1277 4092 commentus
1293 4043 1333 4092 ost
1343 4058 1393 4105 ;....
1413 4065 1426 4087 ν»
1443 4044 1469 4098 1.

321 4135 403 4186 listus
419 4131 445 4182 S.
466 4130 497 4180 P.
516 4130 574 4195 ogit
592 4131 780 4194 congeruntur
791 4129 870 4194 (App.
907 4133 944 4181 17.
967 4129 1007 4180 De
1030 4129 1152 4194 paratim
1177 4129 1228 4181 111.
1255 4131 1279 4181 3.
1306 4130 1347 4182 Do
1373 4133 1471 4188 Noeto

321 4242 384 4296 pag.
408 4221 445 4280 46
467 4225 537 4277 meo.
562 4253 593 4262 -
615 4219 674 4289 sep
698 4225 725 4274 es
748 4227 778 4276 12
799 4227 869 4277 exo.
903 4225 1242 4292 (1³.o.t.oxxx111.pp.
1257 4217 1469 4292 masmim).

321 4329 394 4390 (pag.
423 4317 482 4382 5⁰),
510 4322 556 4373 ubi
581 4335 744 4386 permonere
772 4320 874 4373 dicitur
906 4352 937 4359 -
954 4323 1009 4374 Csr.
1029 4320 1134 4374 Philos.
1151 4323 1187 4373 X.
1206 4325 1244 4382 12,
1264 4326 1303 4386 10,
1319 4326 1350 4377 27
1368 4326 1411 4388 (P.
1430 4329 1470 4382 G.

318 4415 411 4466 emoza
423 4411 538 4464 caroso.
907 4413 925 4464 t.
939 4411 1011 4463 xvi
1026 4427 1070 4476 pp.
1084 4413 1157 4473 3425,
1170 4413 1242 4472 sim,
1255 4413 1339 4473 3439).

354 4503 386 4572 (ε)
399 4503 574 4560 Turonossr.
588 4499 665 4555 Haer.
680 4501 747 4554 Fas.
761 4502 781 4553 1.
797 4502 819 4554 1.
831 4499 871 4552 Do
