3180 5134
332 435 368 482 un
389 435 529 484 comnov.
552 435 632 482 cruca
652 433 811 481 aarvrsuun
836 431 1054 479 sinnaritanus.
1229 415 1275 472 til

154 604 184 660 2.
204 627 219 650 n
231 605 255 659 Α
269 615 454 673 quacumque
470 601 578 658 haeresi
596 601 765 658 venientem
778 599 920 671 baptizari
934 599 966 655 in
983 600 1110 656 ecclesia
1122 565 1228 668 vetuit,
1247 601 1275 657 id

100 699 175 768 ,est,
190 699 324 755 omnium
337 698 548 754 haereticorum
561 695 739 766 baptismata
752 695 836 767 iusta
851 707 916 750 esse
930 696 961 751 et
977 694 1108 764 legitima
1118 695 1274 764 iudicavit.
1373 699 1377 712 '

127 801 251 854 Etcum
272 798 396 868 singulae
414 798 547 854 haereses
567 797 685 868 singula
703 795 882 866 baptismata
901 793 931 849 et
950 793 1069 866 diversa
1087 795 1208 864 peccata
1227 794 1278 852 ha·

117 895 222 961 beant,
242 895 290 951 hic
307 909 374 950 cum
389 893 523 950 omnium
548 893 695 963 baptismo
715 891 937 948 communicans
951 890 1157 946 universorum
1169 890 1277 946 delicta

119 991 150 1046 in
165 991 265 1047 sinum
279 1005 365 1047 suum
380 991 559 1046 coacervata
573 989 730 1059 congessit.
753 988 790 1043 Et
806 987 947 1058 praecepit
962 986 1034 1041 nihil
1048 986 1127 1043 aliud
1141 987 1277 1043 innovari

116 1086 175 1142 nisi
189 1087 267 1157 quod
281 1087 426 1143 traditum
446 1087 507 1155 est;
528 1087 612 1155 quasi
634 1087 660 1142 is
679 1085 801 1142 innovet
823 1084 873 1152 qui
896 1083 1041 1138 unitatem
1054 1083 1168 1150 tenens,
1183 1099 1276 1140 unum

116 1181 267 1252 baptisma
287 1185 337 1238 uni
354 1183 488 1240 eeclesias
504 1182 636 1239 vindicat
652 1181 682 1238 et
699 1197 757 1237 non
777 1181 829 1239 illa
848 1178 951 1248 utique
967 1179 1017 1249 qui
1031 1178 1154 1235 unitatis
1167 1179 1276 1237 obiitus

115 1279 274 1336 mendacia
287 1281 317 1336 et
329 1280 467 1350 contagia
479 1281 611 1350 profanae
623 1279 777 1340 tinctionis
797 1275 935 1345 usurpat.
955 1273 1052 1329 Nihil
1072 1273 1275 1343 innovetur,

115 1375 227 1444 inquit,
250 1377 319 1432 nisi
343 1377 435 1447 quod
454 1375 623 1433 traditum
644 1374 708 1430 est.
730 1372 817 1430 Unda
837 1371 884 1428 est
900 1371 961 1427 ista
976 1370 1116 1426 traditiol
1131 1372 1276 1428 Utrumne

115 1471 153 1526 de
164 1465 314 1530 dominica
327 1475 358 1530 et
370 1473 544 1543 evangelica
556 1471 740 1527 auctoritate
755 1468 946 1533 descendeus,
964 1481 1002 1522 an
1021 1467 1058 1522 de
1074 1467 1276 1538 apostolorum

115 1567 270 1626 mandatis
290 1570 379 1639 atque
400 1569 532 1640 epistolis
546 1569 685 1624 venienst
700 1570 741 1622 lia
759 1567 837 1622 enim
854 1564 989 1620 facienda
1006 1579 1070 1620 esse
1083 1579 1149 1634 quae
1166 1567 1277 1636 scripta

115 1665 189 1720 sunt
202 1668 279 1722 Deus
292 1667 464 1722 testatur‘et
474 1666 638 1736 praemonet
648 1664 685 1720 ad
695 1666 797 1720 lesum
808 1665 891 1718 Nave
902 1662 1002 1718 dicens
1018 1682 1024 1717 :
1040 1663 1113 1716 Non
1130 1663 1276 1720 recedet

114 1760 213 1817 liber
231 1763 324 1833 legis
346 1763 453 1833 hujus
473 1779 516 1820 ex
536 1778 596 1818 ore
617 1762 690 1828 tuo,
715 1760 775 1817 sed
798 1758 1031 1816 meditaberis
1051 1759 1086 1814 in
1106 1774 1145 1815 eo
1163 1759 1218 1814 die
1235 1775 1275 1817 ac

114 1858 237 1925 nocte,
262 1862 301 1916 ut
326 1861 496 1918 observes
518 1861 638 1915 iacere
660 1858 772 1913 omnia
794 1871 871 1925 quae
894 1855 1033 1925 scripta
1056 1855 1139 1912 sunt
1164 1856 1197 1911 in
1223 1871 1272 1914 eo.

115 1955 193 2010 Item
205 1957 347 2012 Dominus
360 1957 510 2026 apostolos
520 1970 589 2012 suos
603 1955 724 2011 mittens
734 1952 855 2008 mandat
866 1952 1010 2022 baptizari
1022 1952 1125 2022 gentes
1135 1953 1165 2008 et
1176 1952 1277 2010 doceri

114 2052 150 2107 ut
164 2053 327 2111 observent
339 2055 439 2110 omnia
451 2067 645 2123 quaecumque
659 2053 709 2107 ille
723 2051 874 2121 praecepit.
889 2051 918 2105 Si
930 2065 1000 2118 ergo
1011 2049 1064 2104 aut
1077 2049 1106 2104 in
1122 2051 1276 2119 evangelio

114 2150 294 2219 praecipitur
314 2151 366 2206 aut
386 2150 415 2204 in
435 2149 638 2220 apostolorum
659 2148 795 2218 epistolis
815 2146 863 2201 vel
883 2145 998 2202 actibus
1018 2145 1187 2201 continetur
1206 2146 1276 2202 uta

116 2258 309 2314 quacumque
322 2246 429 2301 haeresi
443 2245 598 2300 venientes
612 2259 670 2299 uon
684 2242 879 2312 baptizentur,
894 2241 944 2297 sed
961 2241 1077 2297 tantum
1098 2255 1203 2298 manus
1217 2244 1276 2299 illis

116 2340 292 2411 imponatur
311 2343 340 2397 in
360 2343 575 2412 poenitentiam,
593 2340 775 2396 observetur
787 2339 887 2394 divina
902 2338 967 2394 haec
980 2340 1010 2394 et
1027 2341 1130 2395 sancta
1142 2340 1274 2397 traditio.

113 2437 144 2491 Si
159 2452 233 2493 vero
244 2438 352 2507 ubique
365 2438 498 2494 haeretici
512 2437 584 2494 nihil
595 2436 674 2492 aliud
695 2451 784 2504 quam
808 2434 973 2490 adversarii
993 2434 1024 2490 et
1044 2435 1213 2492 antichristi
1227 2452 1277 2492 no-

119 2533 289 2600 minantur,
307 2535 332 2590 si
350 2535 463 2590 vitandi
483 2535 513 2590 et
531 2535 664 2604 perversi
679 2533 709 2589 et
722 2547 740 2587 a
753 2531 923 2602 semetipsis
936 2531 1066 2588 damnati
1084 2535 1275 2602 pronuntian-

115 2628 180 2692 tur,
204 2629 294 2698 quale
313 2631 359 2685 est
379 2631 413 2686 ut
429 2631 587 2686 videantur
604 2629 762 2686 damnandi
783 2643 801 2684 a
820 2628 903 2684 nobis
917 2643 975 2684 nou
988 2643 1054 2685 esse
1071 2645 1145 2700 quos
1159 2631 1275 2690 constat

115 2726 286 2796 apostoliea
305 2729 522 2785 contestatione
538 2743 556 2784 a
575 2728 740 2798 semetipsis
763 2726 918 2782 damnatos
938 2729 1019 2783 essct
1040 2728 1081 2784 Ut
1099 2743 1185 2784 nemo
1202 2728 1274 2787 inia-

116 2837 204 2879 mare
225 2823 377 2892 apostolos
397 2825 512 2894 debeat,
533 2826 617 2896 quasi
637 2826 679 2881 illi
693 2825 902 2881 haereticorum
922 2825 1099 2896 baptismata
1114 2827 1274 2896 probrare-
1297 2877 1302 2892 ,

113 2919 188 2985 rint,
204 2919 258 2974 aut
271 2921 313 2976 eis
325 2921 387 2976 sina
399 2921 533 2978 eeclesiae
550 2922 696 2992 baptismo
710 2922 1005 2988 communicaverint,
1021 2922 1137 2991 quando
1151 2923 1223 2980 talia
1236 2925 1274 2980 de

114 3013 269 3072 haereticis
291 3017 416 3086 apostoli
437 3018 620 3088 scripserint,
642 3019 672 3074 et
691 3019 747 3075 hoe
767 3033 836 3074 cum
856 3019 987 3074 nondum
1007 3019 1155 3076 haereticae
1175 3021 1274 3090 pestes

114 3112 252 3166 acriores
271 3114 495 3182 prorupissent,
521 3114 647 3170 necdum
667 3129 784 3184 quoque
803 3115 937 3170 Marcion
957 3115 1097 3170 Ponticus
1123 3115 1159 3171 de
1179 3118 1274 3173 Ponto

114 3207 301 3276 emersisset,
321 3209 407 3279 cujus
428 3211 571 3280 magister
591 3212 704 3268 cerdon
725 3211 780 3268 sub
800 3211 915 3281 Hygino
932 3212 1004 3267 tunc
1020 3213 1157 3283 episcopo
1177 3214 1273 3283 quiin

115 3306 198 3362 Urbe
218 3318 315 3361 nonus
335 3305 401 3372 luit,
422 3309 547 3363 Romam
567 3309 668 3375 venit;
689 3322 777 3377 quem
798 3309 930 3364 Marcion
954 3309 1084 3374 secutus,
1109 3309 1217 3365 additis
1235 3311 1273 3367 ad

114 3403 234 3458 crimen
247 3403 426 3472 augmentis,
448 3403 649 3473 impudentius
663 3405 771 3484 ceteris
784 3405 815 3460 et
830 3405 985 3473 abruptius
1002 3403 1032 3458 in
1046 3406 1138 3459 Deum
1153 3406 1273 3460 Patrem

113 3499 286 3557 creatorem
310 3501 516 3572 blasphemare
538 3504 686 3570 instituit,
713 3505 745 3560 et
765 3504 940 3559 haereticum
962 3504 1094 3560 furorem
1121 3505 1273 3574 sacrilegis

114 3599 213 3655 armis
227 3599 334 3654 contra
347 3599 502 3656 ecclesiam
516 3599 709 3656 rebellantem
725 3600 898 3656 sceleratius
916 3600 946 3655 et
959 3600 1079 3670 marius
1099 3601 1271 3658 armaverit.
1317 3647 1318 3652 ,

151 3699 183 3756 3.
202 3723 216 3746 n
226 3698 309 3762 Quod
324 3699 348 3754 si
359 3699 488 3756 haeresos
500 3700 817 3770 constatpostmodum
828 3701 929 3769 plures
940 3713 975 3756 ac
985 3700 1101 3770 pejores
1112 3701 1272 3770 exstitisse,

112 3797 144 3851 et
167 3793 194 3849 si
217 3793 300 3848 retro
321 3809 467 3865 nusquam
486 3797 810 3868 omnino-praeceptum
832 3799 877 3854 est
900 3813 993 3869 neque
1017 3799 1217 3868 conscriptum
1240 3800 1274 3856 ut

112 3889 264 3947 haeratico
284 3890 402 3946 tantum
423 3907 529 3948 manus
549 3895 579 3948 in
593 3893 796 3962 poenitentiam
817 3895 987 3964 imponatur
1000 3893 1030 3949 et
1043 3895 1085 3949 sic
1099 3895 1125 3949 ei
1139 3909 1274 3953 commu-

113 3987 248 4052 nicetur,
264 3986 294 4041 et
308 3987 332 4041 si
347 3987 495 4057 baptisma
507 4003 565 4043 non
579 3988 635 4044 nisi
649 4004 741 4044 unum
755 3989 811 4055 est,
826 3990 904 4059 quod
918 3990 995 4059 apud
1006 4004 1060 4046 nos
1073 3991 1128 4055 est,
1146 3991 1177 4046 et
1193 3990 1273 4047 intus

112 4087 174 4151 est,
200 4083 231 4139 et
255 4083 311 4139 soli
331 4085 464 4140 ecclesiae
484 4085 520 4140 de
545 4085 646 4140 divina
669 4086 838 4156 dignatione
860 4101 1032 4144 concessum
1055 4088 1111 4155 est,
1132 4103 1199 4158 quae
1216 4089 1274 4145 ista

110 4181 281 4240 obstinatio
295 4182 351 4247 est,
366 4196 470 4251 quaeve
483 4183 687 4270 praesumptio,
708 4183 869 4240 humanam
884 4183 1074 4240 traditionem
1094 4186 1203 4242 divinae
1216 4186 1273 4242 dis·

109 4277 259 4352 positioni
279 4278 468 4350 anteponere,
496 4294 549 4335 nee
577 4279 815 4336 animadvertere
837 4280 996 4350 indignari·
1011 4282 1041 4337 et
1066 4283 1154 4337 irasci
1181 4284 1281 4354 Deum¹

110 4377 235 4449 quoties
249 4374 350 4431 divina
362 4377 511 4446 praecepta
531 4375 621 4432 solvit
640 4375 670 4432 et
687 4377 821 4446 praeterit
835 4375 967 4432 humana
980 4376 1115 4444 traditio,
1130 4379 1207 4434 sicut
1221 4393 1274 4448 per
