<?xml version="1.0" encoding="UTF-8"?>
<!DOCTYPE html PUBLIC "-//W3C//DTD XHTML 1.0 Transitional//EN"
    "http://www.w3.org/TR/xhtml1/DTD/xhtml1-transitional.dtd">
<html xmlns="http://www.w3.org/1999/xhtml" xml:lang="en" lang="en">
 <head>
  <title>
</title>
<meta http-equiv="Content-Type" content="text/html;charset=utf-8" />
  <meta name='ocr-system' content='tesseract 3.04.00' />
  <meta name='ocr-capabilities' content='ocr_page ocr_carea ocr_par ocr_line ocrx_word'/>
</head>
<body>
  <div class='ocr_page' id='page_1' title='image "./dissertationess00smedgoog_0110.png"; bbox 0 0 3170 5134; ppageno 0'>
   <div class='ocr_carea' id='block_1_1' title="bbox 271 446 1216 520">
    <p class='ocr_par' dir='ltr' id='par_1_1' title="bbox 271 446 1216 520">
     <span class='ocr_line' id='line_1_1' title="bbox 271 446 1216 520; baseline -0.006 -10"><span class='ocrx_word' id='word_1_1' title='bbox 271 465 335 510; x_wconf 75' lang='lat' dir='ltr'>cir.</span> <span class='ocrx_word' id='word_1_2' title='bbox 357 466 376 510; x_wconf 89' lang='lat' dir='ltr'>l.</span> <span class='ocrx_word' id='word_1_3' title='bbox 399 465 455 520; x_wconf 81' lang='lat' dir='ltr'>QUO</span> <span class='ocrx_word' id='word_1_4' title='bbox 475 463 605 510; x_wconf 73' lang='lat' dir='ltr'>retrone</span> <span class='ocrx_word' id='word_1_5' title='bbox 626 463 735 510; x_wconf 73' lang='lat' dir='ltr'>Paltos</span> <span class='ocrx_word' id='word_1_6' title='bbox 759 460 927 510; x_wconf 71' lang='lat' dir='ltr'>consentini</span> <span class='ocrx_word' id='word_1_7' title='bbox 948 459 1021 508; x_wconf 78' lang='lat' dir='ltr'>SINT.</span> <span class='ocrx_word' id='word_1_8' title='bbox 1178 446 1216 504; x_wconf 73' lang='lat' dir='ltr'>iiii</span> 
     </span>
    </p>
   </div>
   <div class='ocr_carea' id='block_1_2' title="bbox 96 625 1216 1270">
    <p class='ocr_par' dir='ltr' id='par_1_2' title="bbox 96 625 1216 1270">
     <span class='ocr_line' id='line_1_2' title="bbox 101 625 1215 729; baseline 0.002 -29"><span class='ocrx_word' id='word_1_9' title='bbox 101 660 114 690; x_wconf 85' lang='grc' dir='ltr'>ι</span> <span class='ocrx_word' id='word_1_10' title='bbox 132 627 302 729; x_wconf 86' lang='lat' dir='ltr'>rupimus,</span> <span class='ocrx_word' id='word_1_11' title='bbox 318 629 381 706; x_wconf 91' lang='lat' dir='ltr'>sed</span> <span class='ocrx_word' id='word_1_12' title='bbox 396 627 476 706; x_wconf 89' lang='lat' dir='ltr'>sola</span> <span class='ocrx_word' id='word_1_13' title='bbox 489 629 714 706; x_wconf 77' lang='lat' dir='ltr'>refutatione</span> <span class='ocrx_word' id='word_1_14' title='bbox 725 627 896 705; x_wconf 86' lang='lat' dir='ltr'>veritatis</span> <span class='ocrx_word' id='word_1_15' title='bbox 910 626 948 702; x_wconf 89' lang='lat' dir='ltr'>vi</span> <span class='ocrx_word' id='word_1_16' title='bbox 962 625 1215 712; x_wconf 80' lang='lat' dir='ltr'><strong>dissolvimus,</strong></span> 
     </span>
     <span class='ocr_line' id='line_1_3' title="bbox 100 757 1216 866; baseline 0.001 -32"><span class='ocrx_word' id='word_1_17' title='bbox 100 759 170 835; x_wconf 70' lang='lat' dir='ltr'>»ad</span> <span class='ocrx_word' id='word_1_18' title='bbox 188 762 353 841; x_wconf 86' lang='lat' dir='ltr'>veritatis</span> <span class='ocrx_word' id='word_1_19' title='bbox 379 762 732 840; x_wconf 78' lang='lat' dir='ltr'>demonstrationem</span> <span class='ocrx_word' id='word_1_20' title='bbox 750 761 991 866; x_wconf 83' lang='lat' dir='ltr'>aggredimur</span> <span class='ocrx_word' id='word_1_21' title='bbox 1011 797 1027 828; x_wconf 90' lang='grc' dir='ltr'>ιι</span> <span class='ocrx_word' id='word_1_22' title='bbox 1049 763 1098 860; x_wconf 88' lang='grc' dir='ltr'>(ι).</span> <span class='ocrx_word' id='word_1_23' title='bbox 1122 757 1216 848; x_wconf 82' lang='lat' dir='ltr'>Quae</span> 
     </span>
     <span class='ocr_line' id='line_1_4' title="bbox 97 893 1215 999; baseline 0.005 -34"><span class='ocrx_word' id='word_1_24' title='bbox 97 895 195 972; x_wconf 83' lang='lat' dir='ltr'>rerba</span> <span class='ocrx_word' id='word_1_25' title='bbox 212 894 298 974; x_wconf 88' lang='lat' dir='ltr'>lieet</span> <span class='ocrx_word' id='word_1_26' title='bbox 319 897 366 974; x_wconf 87' lang='lat' dir='ltr'>ad</span> <span class='ocrx_word' id='word_1_27' title='bbox 392 896 602 999; x_wconf 86' lang='lat' dir='ltr'>superiores</span> <span class='ocrx_word' id='word_1_28' title='bbox 624 897 738 975; x_wconf 88' lang='lat' dir='ltr'>libros</span> <span class='ocrx_word' id='word_1_29' title='bbox 763 897 979 999; x_wconf 87' lang='lat' dir='ltr'>respiciant,</span> <span class='ocrx_word' id='word_1_30' title='bbox 999 893 1142 972; x_wconf 85' lang='lat' dir='ltr'>avulsis</span> <span class='ocrx_word' id='word_1_31' title='bbox 1160 897 1215 971; x_wconf 89' lang='lat' dir='ltr'>ta-</span> 
     </span>
     <span class='ocr_line' id='line_1_5' title="bbox 96 1033 1216 1139; baseline 0.002 -32"><span class='ocrx_word' id='word_1_32' title='bbox 96 1056 167 1108; x_wconf 90' lang='lat' dir='ltr'>men</span> <span class='ocrx_word' id='word_1_33' title='bbox 182 1040 245 1114; x_wconf 89' lang='lat' dir='ltr'>aut</span> <span class='ocrx_word' id='word_1_34' title='bbox 262 1035 463 1139; x_wconf 90' lang='lat' dir='ltr'>deperditis</span> <span class='ocrx_word' id='word_1_35' title='bbox 486 1035 619 1114; x_wconf 91' lang='lat' dir='ltr'>iisdem</span> <span class='ocrx_word' id='word_1_36' title='bbox 642 1036 753 1114; x_wconf 85' lang='lat' dir='ltr'>facile</span> <span class='ocrx_word' id='word_1_37' title='bbox 770 1038 972 1138; x_wconf 92' lang='lat' dir='ltr'>potuerunt</span> <span class='ocrx_word' id='word_1_38' title='bbox 997 1033 1044 1111; x_wconf 90' lang='lat' dir='ltr'>ad</span> <span class='ocrx_word' id='word_1_39' title='bbox 1063 1033 1216 1111; x_wconf 87' lang='lat' dir='ltr'>unicum</span> 
     </span>
     <span class='ocr_line' id='line_1_6' title="bbox 97 1167 549 1270; baseline 0.013 -27"><span class='ocrx_word' id='word_1_40' title='bbox 97 1167 180 1246; x_wconf 87' lang='lat' dir='ltr'>huno</span> <span class='ocrx_word' id='word_1_41' title='bbox 195 1171 331 1251; x_wconf 91' lang='lat' dir='ltr'>librum</span> <span class='ocrx_word' id='word_1_42' title='bbox 349 1172 481 1249; x_wconf 88' lang='lat' dir='ltr'>referri</span> <span class='ocrx_word' id='word_1_43' title='bbox 499 1175 549 1270; x_wconf 85' lang='lat' dir='ltr'>(a).</span> 
     </span>
    </p>
   </div>
   <div class='ocr_carea' id='block_1_3' title="bbox 96 1405 1217 1573">
    <p class='ocr_par' dir='ltr' id='par_1_3' title="bbox 96 1405 1217 1573">
     <span class='ocr_line' id='line_1_7' title="bbox 121 1405 1215 1486; baseline -0.002 -18"><span class='ocrx_word' id='word_1_44' title='bbox 121 1419 146 1480; x_wconf 75' lang='grc' dir='ltr'>(ι)</span> <span class='ocrx_word' id='word_1_45' title='bbox 156 1405 311 1486; x_wconf 79' lang='lat' dir='ltr'>Exempltim</span> <span class='ocrx_word' id='word_1_46' title='bbox 323 1423 405 1485; x_wconf 80' lang='lat' dir='ltr'>hujus</span> <span class='ocrx_word' id='word_1_47' title='bbox 420 1420 530 1486; x_wconf 86' lang='lat' dir='ltr'>generis</span> <span class='ocrx_word' id='word_1_48' title='bbox 542 1419 626 1471; x_wconf 77' lang='lat' dir='ltr'>refert</span> <span class='ocrx_word' id='word_1_49' title='bbox 658 1417 807 1470; x_wconf 85' lang='lat' dir='ltr'>elaborato.</span> <span class='ocrx_word' id='word_1_50' title='bbox 823 1439 835 1460; x_wconf 92' lang='grc' dir='ltr'>ιι</span> <span class='ocrx_word' id='word_1_51' title='bbox 854 1408 942 1469; x_wconf 85' lang='lat' dir='ltr'>Porro</span> <span class='ocrx_word' id='word_1_52' title='bbox 959 1419 1021 1482; x_wconf 88' lang='lat' dir='ltr'>post</span> <span class='ocrx_word' id='word_1_53' title='bbox 1037 1417 1107 1466; x_wconf 88' lang='lat' dir='ltr'>hanc</span> <span class='ocrx_word' id='word_1_54' title='bbox 1119 1428 1215 1466; x_wconf 88' lang='lat' dir='ltr'>narra-</span> 
     </span>
     <span class='ocr_line' id='line_1_8' title="bbox 96 1501 1217 1573; baseline 0.001 -20"><span class='ocrx_word' id='word_1_55' title='bbox 96 1501 221 1559; x_wconf 76' lang='lat' dir='ltr'>ilrenton</span> <span class='ocrx_word' id='word_1_56' title='bbox 240 1510 269 1562; x_wconf 89' lang='lat' dir='ltr'>in</span> <span class='ocrx_word' id='word_1_57' title='bbox 290 1524 340 1561; x_wconf 88' lang='lat' dir='ltr'>suo</span> <span class='ocrx_word' id='word_1_58' title='bbox 362 1507 428 1560; x_wconf 81' lang='lat' dir='ltr'>ltin.</span> <span class='ocrx_word' id='word_1_59' title='bbox 449 1507 513 1560; x_wconf 81' lang='lat' dir='ltr'>Ital.</span> <span class='ocrx_word' id='word_1_60' title='bbox 535 1522 562 1573; x_wconf 90' lang='lat' dir='ltr'>p.</span> <span class='ocrx_word' id='word_1_61' title='bbox 580 1508 621 1558; x_wconf 81' lang='lat'>76.</span> <span class='ocrx_word' id='word_1_62' title='bbox 657 1507 760 1558; x_wconf 88' lang='lat' dir='ltr'>tionem</span> <span class='ocrx_word' id='word_1_63' title='bbox 780 1506 922 1572; x_wconf 81' lang='lat' dir='ltr'>subjungIt</span> <span class='ocrx_word' id='word_1_64' title='bbox 939 1505 1098 1558; x_wconf 83' lang='lat' dir='ltr'>Eusebius:</span> <span class='ocrx_word' id='word_1_65' title='bbox 1127 1526 1139 1547; x_wconf 93' lang='grc' dir='ltr'>ιι</span> <span class='ocrx_word' id='word_1_66' title='bbox 1165 1504 1217 1554; x_wconf 88' lang='lat' dir='ltr'>Hie</span> 
     </span>
    </p>
   </div>
   <div class='ocr_carea' id='block_1_4' title="bbox 31 1591 627 3021">
    <p class='ocr_par' dir='ltr' id='par_1_4' title="bbox 31 1591 627 2658">
     <span class='ocr_line' id='line_1_9' title="bbox 96 1591 623 1663; baseline 0.008 -21"><span class='ocrx_word' id='word_1_67' title='bbox 96 1591 173 1644; x_wconf 65' lang='lat' dir='ltr'>utum</span> <span class='ocrx_word' id='word_1_68' title='bbox 189 1596 356 1650; x_wconf 76' lang='lat' dir='ltr'>bibliothecen</span> <span class='ocrx_word' id='word_1_69' title='bbox 372 1597 566 1663; x_wconf 78' lang='lat' dir='ltr'>Altaempeuais</span> <span class='ocrx_word' id='word_1_70' title='bbox 581 1596 623 1646; x_wconf 93' lang='lat' dir='ltr'>in·</span> 
     </span>
     <span class='ocr_line' id='line_1_10' title="bbox 96 1685 624 1755; baseline 0.011 -22"><span class='ocrx_word' id='word_1_71' title='bbox 96 1685 191 1739; x_wconf 58' lang='lat' dir='ltr'>*dicem</span> <span class='ocrx_word' id='word_1_72' title='bbox 206 1689 406 1742; x_wconf 78' lang='lat' dir='ltr'>revolveremus</span> <span class='ocrx_word' id='word_1_73' title='bbox 423 1690 491 1755; x_wconf 79' lang='lat' dir='ltr'>(ait),</span> <span class='ocrx_word' id='word_1_74' title='bbox 503 1688 624 1741; x_wconf 86' lang='lat' dir='ltr'>occurrit</span> 
     </span>
     <span class='ocr_line' id='line_1_11' title="bbox 96 1774 625 1833; baseline 0.011 -11"><span class='ocrx_word' id='word_1_75' title='bbox 96 1794 106 1814; x_wconf 85' lang='grc' dir='ltr'>ι</span> <span class='ocrx_word' id='word_1_76' title='bbox 117 1774 141 1824; x_wconf 91' lang='lat' dir='ltr'>in</span> <span class='ocrx_word' id='word_1_77' title='bbox 150 1775 194 1828; x_wconf 93' lang='lat' dir='ltr'>illo</span> <span class='ocrx_word' id='word_1_78' title='bbox 204 1779 292 1832; x_wconf 91' lang='lat' dir='ltr'>indice</span> <span class='ocrx_word' id='word_1_79' title='bbox 307 1778 443 1833; x_wconf 81' lang='lat' dir='ltr'>Ciceronis</span> <span class='ocrx_word' id='word_1_80' title='bbox 454 1781 521 1829; x_wconf 82' lang='lat' dir='ltr'>iiber</span> <span class='ocrx_word' id='word_1_81' title='bbox 531 1781 564 1828; x_wconf 83' lang='lat' dir='ltr'>de</span> <span class='ocrx_word' id='word_1_82' title='bbox 575 1777 625 1830; x_wconf 75' lang='lat' dir='ltr'>ne-</span> 
     </span>
     <span class='ocr_line' id='line_1_12' title="bbox 96 1868 626 1931; baseline 0.009 -16"><span class='ocrx_word' id='word_1_83' title='bbox 96 1885 106 1904; x_wconf 92' lang='grc' dir='ltr'>ι</span> <span class='ocrx_word' id='word_1_84' title='bbox 113 1869 216 1926; x_wconf 73' lang='lat' dir='ltr'>milico.</span> <span class='ocrx_word' id='word_1_85' title='bbox 232 1870 310 1923; x_wconf 91' lang='lat' dir='ltr'>lllico</span> <span class='ocrx_word' id='word_1_86' title='bbox 322 1871 411 1923; x_wconf 78' lang='lat' dir='ltr'>exiliit</span> <span class='ocrx_word' id='word_1_87' title='bbox 423 1870 541 1931; x_wconf 90' lang='lat' dir='ltr'>animus,</span> <span class='ocrx_word' id='word_1_88' title='bbox 554 1868 626 1920; x_wconf 88' lang='lat' dir='ltr'>lecto</span> 
     </span>
     <span class='ocr_line' id='line_1_13' title="bbox 96 1955 624 2027; baseline 0.011 -23"><span class='ocrx_word' id='word_1_89' title='bbox 96 1976 106 1996; x_wconf 95' lang='grc' dir='ltr'>ι</span> <span class='ocrx_word' id='word_1_90' title='bbox 116 1955 185 2010; x_wconf 89' lang='lat' dir='ltr'>titulo</span> <span class='ocrx_word' id='word_1_91' title='bbox 195 1961 319 2024; x_wconf 85' lang='lat' dir='ltr'>praeclari</span> <span class='ocrx_word' id='word_1_92' title='bbox 331 1961 424 2027; x_wconf 88' lang='lat' dir='ltr'>operis</span> <span class='ocrx_word' id='word_1_93' title='bbox 436 1960 624 2025; x_wconf 88' lang='lat' dir='ltr'>quodjamdu-</span> 
     </span>
     <span class='ocr_line' id='line_1_14' title="bbox 96 2043 625 2102; baseline 0.013 -9"><span class='ocrx_word' id='word_1_94' title='bbox 96 2043 172 2096; x_wconf 75' lang='lat' dir='ltr'>-dum</span> <span class='ocrx_word' id='word_1_95' title='bbox 183 2049 311 2102; x_wconf 82' lang='lat' dir='ltr'>excidisse</span> <span class='ocrx_word' id='word_1_96' title='bbox 328 2050 459 2102; x_wconf 89' lang='lat' dir='ltr'>creditur.</span> <span class='ocrx_word' id='word_1_97' title='bbox 472 2049 526 2101; x_wconf 86' lang='lat' dir='ltr'>Sed</span> <span class='ocrx_word' id='word_1_98' title='bbox 544 2051 625 2100; x_wconf 85' lang='lat' dir='ltr'>breve</span> 
     </span>
     <span class='ocr_line' id='line_1_15' title="bbox 96 2137 627 2204; baseline 0.011 -19"><span class='ocrx_word' id='word_1_99' title='bbox 96 2137 233 2198; x_wconf 53' lang='lat' dir='ltr'>*gaudium</span> <span class='ocrx_word' id='word_1_100' title='bbox 241 2141 301 2202; x_wconf 83' lang='lat' dir='ltr'>nit,</span> <span class='ocrx_word' id='word_1_101' title='bbox 310 2155 384 2204; x_wconf 89' lang='lat' dir='ltr'>cum,</span> <span class='ocrx_word' id='word_1_102' title='bbox 396 2142 454 2192; x_wconf 85' lang='lat' dir='ltr'>viso</span> <span class='ocrx_word' id='word_1_103' title='bbox 466 2141 571 2204; x_wconf 88' lang='lat' dir='ltr'>codice,</span> <span class='ocrx_word' id='word_1_104' title='bbox 581 2141 627 2191; x_wconf 90' lang='lat' dir='ltr'>ad-</span> 
     </span>
     <span class='ocr_line' id='line_1_16' title="bbox 95 2229 624 2298; baseline 0.011 -22"><span class='ocrx_word' id='word_1_105' title='bbox 95 2245 104 2263; x_wconf 83' lang='grc' dir='ltr'>ι</span> <span class='ocrx_word' id='word_1_106' title='bbox 115 2229 233 2281; x_wconf 77' lang='lat' dir='ltr'>vertimus</span> <span class='ocrx_word' id='word_1_107' title='bbox 247 2233 380 2298; x_wconf 88' lang='lat' dir='ltr'>hocopus</span> <span class='ocrx_word' id='word_1_108' title='bbox 397 2230 466 2283; x_wconf 90' lang='lat' dir='ltr'>nihil</span> <span class='ocrx_word' id='word_1_109' title='bbox 478 2232 552 2283; x_wconf 88' lang='lat' dir='ltr'>aliud</span> <span class='ocrx_word' id='word_1_110' title='bbox 564 2243 624 2283; x_wconf 83' lang='lat' dir='ltr'>esee</span> 
     </span>
     <span class='ocr_line' id='line_1_17' title="bbox 96 2324 623 2392; baseline 0.013 -21"><span class='ocrx_word' id='word_1_111' title='bbox 96 2340 105 2360; x_wconf 82' lang='grc' dir='ltr'>ι</span> <span class='ocrx_word' id='word_1_112' title='bbox 115 2335 187 2383; x_wconf 82' lang='lat' dir='ltr'>quem</span> <span class='ocrx_word' id='word_1_113' title='bbox 197 2324 378 2392; x_wconf 86' lang='lat' dir='ltr'>Philippicam</span> <span class='ocrx_word' id='word_1_114' title='bbox 390 2327 507 2392; x_wconf 89' lang='lat' dir='ltr'>primam</span> <span class='ocrx_word' id='word_1_115' title='bbox 518 2325 623 2378; x_wconf 83' lang='lat' dir='ltr'>Cicero-</span> 
     </span>
     <span class='ocr_line' id='line_1_18' title="bbox 96 2411 619 2481; baseline 0.017 -21"><span class='ocrx_word' id='word_1_116' title='bbox 96 2411 160 2472; x_wconf 80' lang='lat' dir='ltr'>·nie‚</span> <span class='ocrx_word' id='word_1_117' title='bbox 181 2427 238 2477; x_wconf 84' lang='lat' dir='ltr'>quae</span> <span class='ocrx_word' id='word_1_118' title='bbox 259 2418 294 2468; x_wconf 85' lang='lat' dir='ltr'>ab</span> <span class='ocrx_word' id='word_1_119' title='bbox 316 2418 360 2468; x_wconf 86' lang='lat' dir='ltr'>his</span> <span class='ocrx_word' id='word_1_120' title='bbox 381 2417 472 2468; x_wconf 86' lang='lat' dir='ltr'>verbis</span> <span class='ocrx_word' id='word_1_121' title='bbox 494 2417 592 2481; x_wconf 84' lang='lat' dir='ltr'>incipit</span> <span class='ocrx_word' id='word_1_122' title='bbox 613 2431 619 2469; x_wconf 77' lang='grc' dir='ltr'>,τ</span> 
     </span>
     <span class='ocr_line' id='line_1_19' title="bbox 31 2493 621 2570; baseline 0.012 -21"><span class='ocrx_word' id='word_1_123' title='bbox 31 2493 32 2496; x_wconf 62' lang='grc'>’</span> <span class='ocrx_word' id='word_1_124' title='bbox 95 2500 254 2567; x_wconf 56' lang='lat' dir='ltr'>*Antequam</span> <span class='ocrx_word' id='word_1_125' title='bbox 280 2509 314 2557; x_wconf 82' lang='lat' dir='ltr'>de</span> <span class='ocrx_word' id='word_1_126' title='bbox 336 2505 490 2570; x_wconf 70' lang='lat' dir='ltr'>Republica,</span> <span class='ocrx_word' id='word_1_127' title='bbox 521 2504 621 2557; x_wconf 84' lang='lat' dir='ltr'>Patres</span> 
     </span>
     <span class='ocr_line' id='line_1_20' title="bbox 95 2597 454 2658; baseline 0.022 -19"><span class='ocrx_word' id='word_1_128' title='bbox 95 2597 253 2658; x_wconf 78' lang='lat' dir='ltr'>-conscripti,</span> <span class='ocrx_word' id='word_1_129' title='bbox 264 2597 363 2658; x_wconf 81' lang='lat' dir='ltr'>dicam,</span> <span class='ocrx_word' id='word_1_130' title='bbox 378 2619 390 2638; x_wconf 94' lang='grc' dir='ltr'>ιι</span> <span class='ocrx_word' id='word_1_131' title='bbox 403 2597 454 2647; x_wconf 84' lang='lat' dir='ltr'>etc.</span> 
     </span>
    </p>

    <p class='ocr_par' dir='ltr' id='par_1_5' title="bbox 94 2679 626 3021">
     <span class='ocr_line' id='line_1_21' title="bbox 118 2679 626 2750; baseline 0.008 -20"><span class='ocrx_word' id='word_1_132' title='bbox 118 2679 142 2742; x_wconf 75' lang='lat' dir='ltr'>(at</span> <span class='ocrx_word' id='word_1_133' title='bbox 165 2683 328 2748; x_wconf 87' lang='lat' dir='ltr'>Opueculum</span> <span class='ocrx_word' id='word_1_134' title='bbox 358 2685 439 2736; x_wconf 89' lang='lat' dir='ltr'>titulo</span> <span class='ocrx_word' id='word_1_135' title='bbox 462 2683 626 2750; x_wconf 75' lang='lat' dir='ltr'>Labyrintbt</span> 
     </span>
     <span class='ocr_line' id='line_1_22' title="bbox 95 2765 623 2838; baseline 0.013 -19"><span class='ocrx_word' id='word_1_136' title='bbox 95 2765 237 2838; x_wconf 88' lang='lat' dir='ltr'>inscriptum</span> <span class='ocrx_word' id='word_1_137' title='bbox 248 2776 331 2828; x_wconf 87' lang='lat' dir='ltr'>etiam</span> <span class='ocrx_word' id='word_1_138' title='bbox 344 2776 410 2827; x_wconf 86' lang='lat' dir='ltr'>citat</span> <span class='ocrx_word' id='word_1_139' title='bbox 421 2774 623 2828; x_wconf 81' lang='lat' dir='ltr'>Tnsooonerus</span> 
     </span>
     <span class='ocr_line' id='line_1_23' title="bbox 94 2857 624 2920; baseline 0.011 -8"><span class='ocrx_word' id='word_1_140' title='bbox 94 2857 156 2912; x_wconf 74' lang='lat' dir='ltr'>Hoen</span> <span class='ocrx_word' id='word_1_141' title='bbox 172 2863 235 2918; x_wconf 80' lang='lat' dir='ltr'>Feb.</span> <span class='ocrx_word' id='word_1_142' title='bbox 254 2868 290 2919; x_wconf 91' lang='grc' dir='ltr'>ΙΙ.</span> <span class='ocrx_word' id='word_1_143' title='bbox 310 2870 344 2919; x_wconf 88' lang='lat'>5:</span> <span class='ocrx_word' id='word_1_144' title='bbox 360 2889 372 2910; x_wconf 84' lang='grc' dir='ltr'>ιι</span> <span class='ocrx_word' id='word_1_145' title='bbox 390 2869 494 2920; x_wconf 80' lang='lat' dir='ltr'>Contra</span> <span class='ocrx_word' id='word_1_146' title='bbox 508 2869 624 2919; x_wconf 87' lang='lat' dir='ltr'>istorum</span> 
     </span>
     <span class='ocr_line' id='line_1_24' title="bbox 94 2948 621 3021; baseline 0.008 -19"><span class='ocrx_word' id='word_1_147' title='bbox 94 2948 266 3012; x_wconf 85' lang='lat' dir='ltr'>·[lirtemonie</span> <span class='ocrx_word' id='word_1_148' title='bbox 285 2958 312 3008; x_wconf 90' lang='lat' dir='ltr'>et</span> <span class='ocrx_word' id='word_1_149' title='bbox 331 2957 477 3021; x_wconf 85' lang='lat' dir='ltr'>Theodoti]</span> <span class='ocrx_word' id='word_1_150' title='bbox 494 2957 621 3008; x_wconf 81' lang='lat' dir='ltr'>haeresim</span> 
     </span>
    </p>
   </div>
   <div class='ocr_carea' id='block_1_5' title="bbox 94 3041 628 3110">
    <p class='ocr_par' dir='ltr' id='par_1_6' title="bbox 94 3041 628 3110">
     <span class='ocr_line' id='line_1_25' title="bbox 94 3041 628 3110; baseline -0.004 -14"><span class='ocrx_word' id='word_1_151' title='bbox 94 3057 104 3077; x_wconf 74' lang='lat' dir='ltr'>r</span> <span class='ocrx_word' id='word_1_152' title='bbox 115 3041 162 3106; x_wconf 75' lang='lat' dir='ltr'>tart)</span> <span class='ocrx_word' id='word_1_153' title='bbox 172 3046 341 3110; x_wconf 70' lang='lat' dir='ltr'>contemptus</span> <span class='ocrx_word' id='word_1_154' title='bbox 358 3049 401 3098; x_wconf 86' lang='lat' dir='ltr'>est</span> <span class='ocrx_word' id='word_1_155' title='bbox 414 3061 520 3109; x_wconf 82' lang='lat' dir='ltr'>parvus</span> <span class='ocrx_word' id='word_1_156' title='bbox 531 3044 628 3108; x_wconf 57' lang='lat' dir='ltr'>Laba·</span> 
     </span>
    </p>
   </div>
   <div class='ocr_carea' id='block_1_6' title="bbox 94 3135 625 4534">
    <p class='ocr_par' dir='ltr' id='par_1_7' title="bbox 94 3135 625 4534">
     <span class='ocr_line' id='line_1_26' title="bbox 94 3135 623 3205; baseline 0.025 -26"><span class='ocrx_word' id='word_1_157' title='bbox 94 3135 219 3199; x_wconf 58' lang='lat' dir='ltr'>mnibus,</span> <span class='ocrx_word' id='word_1_158' title='bbox 242 3145 323 3202; x_wconf 84' lang='lat' dir='ltr'>quem</span> <span class='ocrx_word' id='word_1_159' title='bbox 346 3140 471 3192; x_wconf 90' lang='lat' dir='ltr'>nonnulli</span> <span class='ocrx_word' id='word_1_160' title='bbox 495 3139 623 3205; x_wconf 84' lang='lat' dir='ltr'>Origenis</span> 
     </span>
     <span class='ocr_line' id='line_1_27' title="bbox 94 3229 620 3293; baseline 0.01 -18"><span class='ocrx_word' id='word_1_161' title='bbox 94 3233 172 3286; x_wconf 64' lang='lat' dir='ltr'>*opus</span> <span class='ocrx_word' id='word_1_162' title='bbox 187 3240 245 3278; x_wconf 86' lang='lat' dir='ltr'>esse</span> <span class='ocrx_word' id='word_1_163' title='bbox 260 3231 368 3293; x_wconf 88' lang='lat' dir='ltr'>putant,</span> <span class='ocrx_word' id='word_1_164' title='bbox 382 3229 430 3280; x_wconf 82' lang='lat' dir='ltr'>sed</span> <span class='ocrx_word' id='word_1_165' title='bbox 446 3243 494 3281; x_wconf 92' lang='lat' dir='ltr'>eos</span> <span class='ocrx_word' id='word_1_166' title='bbox 509 3229 556 3292; x_wconf 86' lang='lat' dir='ltr'>qui</span> <span class='ocrx_word' id='word_1_167' title='bbox 567 3229 620 3281; x_wconf 91' lang='lat' dir='ltr'>hoc</span> 
     </span>
     <span class='ocr_line' id='line_1_28' title="bbox 94 3311 622 3384; baseline 0.017 -24"><span class='ocrx_word' id='word_1_168' title='bbox 94 3328 103 3347; x_wconf 74' lang='grc' dir='ltr'>ι</span> <span class='ocrx_word' id='word_1_169' title='bbox 114 3311 197 3368; x_wconf 87' lang='lat' dir='ltr'>dicunt</span> <span class='ocrx_word' id='word_1_170' title='bbox 205 3317 290 3382; x_wconf 77' lang='lat' dir='ltr'>stylus</span> <span class='ocrx_word' id='word_1_171' title='bbox 299 3318 452 3384; x_wconf 84' lang='lat' dir='ltr'>redarguit.</span> <span class='ocrx_word' id='word_1_172' title='bbox 459 3318 521 3369; x_wconf 84' lang='lat' dir='ltr'>Sive</span> <span class='ocrx_word' id='word_1_173' title='bbox 530 3320 622 3369; x_wconf 87' lang='lat' dir='ltr'>autem</span> 
     </span>
     <span class='ocr_line' id='line_1_29' title="bbox 95 3385 624 3472; baseline 0.021 -27"><span class='ocrx_word' id='word_1_174' title='bbox 95 3399 159 3464; x_wconf 81' lang='lat' dir='ltr'>-llle‚</span> <span class='ocrx_word' id='word_1_175' title='bbox 186 3406 240 3458; x_wconf 83' lang='lat' dir='ltr'>eive</span> <span class='ocrx_word' id='word_1_176' title='bbox 267 3407 337 3458; x_wconf 84' lang='lat' dir='ltr'>alius</span> <span class='ocrx_word' id='word_1_177' title='bbox 363 3385 536 3472; x_wconf 79' lang='lat' dir='ltr'>conscripsit,</span> <span class='ocrx_word' id='word_1_178' title='bbox 560 3406 624 3457; x_wconf 86' lang='lat' dir='ltr'>talis</span> 
     </span>
     <span class='ocr_line' id='line_1_30' title="bbox 94 3486 620 3558; baseline 0.006 -16"><span class='ocrx_word' id='word_1_179' title='bbox 94 3486 136 3538; x_wconf 67' lang='lat' dir='ltr'>*ih</span> <span class='ocrx_word' id='word_1_180' title='bbox 157 3506 187 3544; x_wconf 90' lang='lat' dir='ltr'>eo</span> <span class='ocrx_word' id='word_1_181' title='bbox 213 3497 301 3547; x_wconf 86' lang='lat' dir='ltr'>exstat</span> <span class='ocrx_word' id='word_1_182' title='bbox 328 3497 450 3548; x_wconf 85' lang='lat' dir='ltr'>narratio</span> <span class='ocrx_word' id='word_1_183' title='bbox 476 3517 489 3538; x_wconf 91' lang='grc' dir='ltr'>ιι</span> <span class='ocrx_word' id='word_1_184' title='bbox 516 3495 558 3558; x_wconf 77' lang='lat' dir='ltr'>(P.</span> <span class='ocrx_word' id='word_1_185' title='bbox 588 3495 620 3546; x_wconf 82' lang='lat' dir='ltr'>G.</span> 
     </span>
     <span class='ocr_line' id='line_1_31' title="bbox 94 3573 625 3656; baseline 0.004 -22"><span class='ocrx_word' id='word_1_186' title='bbox 94 3573 108 3620; x_wconf 70' lang='lat' dir='ltr'>i·</span> <span class='ocrx_word' id='word_1_187' title='bbox 119 3574 260 3634; x_wconf 76' lang='lat' dir='ltr'>LXXXIII.</span> <span class='ocrx_word' id='word_1_188' title='bbox 279 3598 306 3649; x_wconf 89' lang='lat' dir='ltr'>p.</span> <span class='ocrx_word' id='word_1_189' title='bbox 330 3585 395 3650; x_wconf 87' lang='lat'><strong>391).</strong></span> <span class='ocrx_word' id='word_1_190' title='bbox 413 3585 511 3656; x_wconf 80' lang='lat' dir='ltr'>Refert</span> <span class='ocrx_word' id='word_1_191' title='bbox 526 3584 625 3636; x_wconf 88' lang='lat' dir='ltr'>deinde</span> 
     </span>
     <span class='ocr_line' id='line_1_32' title="bbox 94 3661 621 3740; baseline 0.011 -21"><span class='ocrx_word' id='word_1_192' title='bbox 94 3661 218 3724; x_wconf 76' lang='lat' dir='ltr'>historiam</span> <span class='ocrx_word' id='word_1_193' title='bbox 231 3675 338 3726; x_wconf 85' lang='lat' dir='ltr'>Natalis</span> <span class='ocrx_word' id='word_1_194' title='bbox 348 3676 492 3740; x_wconf 84' lang='lat' dir='ltr'>cujusdam</span> <span class='ocrx_word' id='word_1_195' title='bbox 509 3674 621 3726; x_wconf 81' lang='lat' dir='ltr'>Contes-</span> 
     </span>
     <span class='ocr_line' id='line_1_33' title="bbox 94 3756 619 3830; baseline 0.004 -17"><span class='ocrx_word' id='word_1_196' title='bbox 94 3756 158 3823; x_wconf 74' lang='lat' dir='ltr'>som,</span> <span class='ocrx_word' id='word_1_197' title='bbox 171 3764 217 3827; x_wconf 89' lang='lat' dir='ltr'>qui</span> <span class='ocrx_word' id='word_1_198' title='bbox 236 3765 314 3830; x_wconf 89' lang='lat' dir='ltr'>prius</span> <span class='ocrx_word' id='word_1_199' title='bbox 333 3767 367 3816; x_wconf 91' lang='lat' dir='ltr'>ab</span> <span class='ocrx_word' id='word_1_200' title='bbox 388 3765 524 3817; x_wconf 86' lang='lat' dir='ltr'>haereticis</span> <span class='ocrx_word' id='word_1_201' title='bbox 539 3765 619 3817; x_wconf 86' lang='lat' dir='ltr'>sedu-</span> 
     </span>
     <span class='ocr_line' id='line_1_34' title="bbox 95 3845 622 3922; baseline 0.008 -20"><span class='ocrx_word' id='word_1_202' title='bbox 95 3845 149 3910; x_wconf 69' lang='lat' dir='ltr'>lius,</span> <span class='ocrx_word' id='word_1_203' title='bbox 160 3852 219 3905; x_wconf 91' lang='lat' dir='ltr'>dein</span> <span class='ocrx_word' id='word_1_204' title='bbox 235 3869 284 3920; x_wconf 88' lang='lat' dir='ltr'>per</span> <span class='ocrx_word' id='word_1_205' title='bbox 296 3856 453 3922; x_wconf 88' lang='lat' dir='ltr'>prodigium</span> <span class='ocrx_word' id='word_1_206' title='bbox 466 3869 622 3916; x_wconf 83' lang='lat' dir='ltr'>conversus,</span> 
     </span>
     <span class='ocr_line' id='line_1_35' title="bbox 95 3932 625 4012; baseline 0.021 -25"><span class='ocrx_word' id='word_1_207' title='bbox 95 3932 234 3995; x_wconf 74' lang='lat' dir='ltr'>aPontince</span> <span class='ocrx_word' id='word_1_208' title='bbox 243 3944 369 3996; x_wconf 90' lang='lat' dir='ltr'>Romano</span> <span class='ocrx_word' id='word_1_209' title='bbox 379 3945 551 4012; x_wconf 77' lang='lat' dir='ltr'>(zephyrino)</span> <span class='ocrx_word' id='word_1_210' title='bbox 561 3947 625 4012; x_wconf 87' lang='lat' dir='ltr'>post</span> 
     </span>
     <span class='ocr_line' id='line_1_36' title="bbox 96 4026 622 4098; baseline 0.013 -19"><span class='ocrx_word' id='word_1_211' title='bbox 96 4026 261 4084; x_wconf 74' lang='lat' dir='ltr'>senitentiam</span> <span class='ocrx_word' id='word_1_212' title='bbox 284 4036 426 4098; x_wconf 79' lang='lat' dir='ltr'>peractam</span> <span class='ocrx_word' id='word_1_213' title='bbox 443 4035 478 4086; x_wconf 90' lang='lat' dir='ltr'>ad</span> <span class='ocrx_word' id='word_1_214' title='bbox 501 4049 622 4087; x_wconf 89' lang='lat' dir='ltr'>commu-</span> 
     </span>
     <span class='ocr_line' id='line_1_37' title="bbox 97 4107 625 4176; baseline 0.04 -21"><span class='ocrx_word' id='word_1_215' title='bbox 97 4107 186 4168; x_wconf 87' lang='lat' dir='ltr'>nionem</span> <span class='ocrx_word' id='word_1_216' title='bbox 205 4122 330 4174; x_wconf 85' lang='lat' dir='ltr'>ecclesiae</span> <span class='ocrx_word' id='word_1_217' title='bbox 357 4123 494 4175; x_wconf 85' lang='lat' dir='ltr'>admissus</span> <span class='ocrx_word' id='word_1_218' title='bbox 516 4126 567 4176; x_wconf 84' lang='lat' dir='ltr'>est.</span> <span class='ocrx_word' id='word_1_219' title='bbox 592 4152 625 4162; x_wconf 87' lang='lat'>-</span> 
     </span>
     <span class='ocr_line' id='line_1_38' title="bbox 97 4193 620 4280; baseline 0.017 -25"><span class='ocrx_word' id='word_1_220' title='bbox 97 4193 203 4262; x_wconf 72' lang='lat' dir='ltr'>Etardem</span> <span class='ocrx_word' id='word_1_221' title='bbox 214 4213 360 4265; x_wconf 80' lang='lat' dir='ltr'>historiam</span> <span class='ocrx_word' id='word_1_222' title='bbox 376 4214 459 4280; x_wconf 89' lang='lat' dir='ltr'>paulo</span> <span class='ocrx_word' id='word_1_223' title='bbox 471 4214 558 4266; x_wconf 84' lang='lat' dir='ltr'>rusius</span> <span class='ocrx_word' id='word_1_224' title='bbox 574 4228 620 4266; x_wconf 80' lang='lat' dir='ltr'>en-</span> 
     </span>
     <span class='ocr_line' id='line_1_39' title="bbox 98 4287 623 4366; baseline 0.013 -19"><span class='ocrx_word' id='word_1_225' title='bbox 98 4291 158 4343; x_wconf 72' lang='lat' dir='ltr'>i⁰ssii</span> <span class='ocrx_word' id='word_1_226' title='bbox 172 4295 303 4353; x_wconf 76' lang='lat' dir='ltr'>litteratos</span> <span class='ocrx_word' id='word_1_227' title='bbox 314 4287 352 4352; x_wconf 83' lang='lat' dir='ltr'>H.</span> <span class='ocrx_word' id='word_1_228' title='bbox 364 4299 400 4352; x_wconf 81' lang='grc' dir='ltr'>Ε.</span> <span class='ocrx_word' id='word_1_229' title='bbox 411 4301 443 4352; x_wconf 91' lang='lat' dir='ltr'>V.</span> <span class='ocrx_word' id='word_1_230' title='bbox 453 4303 494 4362; x_wconf 79' lang='lat'>28,</span> <span class='ocrx_word' id='word_1_231' title='bbox 509 4315 623 4366; x_wconf 85' lang='lat' dir='ltr'>eamque</span> 
     </span>
     <span class='ocr_line' id='line_1_40' title="bbox 98 4381 623 4458; baseline 0.036 -33"><span class='ocrx_word' id='word_1_232' title='bbox 98 4381 228 4448; x_wconf 72' lang='lat' dir='ltr'>excerptam</span> <span class='ocrx_word' id='word_1_233' title='bbox 237 4404 297 4444; x_wconf 87' lang='lat' dir='ltr'>sese</span> <span class='ocrx_word' id='word_1_234' title='bbox 308 4392 349 4443; x_wconf 89' lang='lat' dir='ltr'>eit</span> <span class='ocrx_word' id='word_1_235' title='bbox 357 4405 392 4444; x_wconf 84' lang='lat' dir='ltr'>ex</span> <span class='ocrx_word' id='word_1_236' title='bbox 403 4391 526 4444; x_wconf 86' lang='lat' dir='ltr'>auctoris</span> <span class='ocrx_word' id='word_1_237' title='bbox 534 4393 623 4458; x_wconf 85' lang='lat' dir='ltr'>ignoti</span> 
     </span>
     <span class='ocr_line' id='line_1_41' title="bbox 100 4463 622 4534; baseline 0.008 -6"><span class='ocrx_word' id='word_1_238' title='bbox 100 4463 175 4524; x_wconf 72' lang='lat' dir='ltr'>-libro</span> <span class='ocrx_word' id='word_1_239' title='bbox 188 4481 315 4534; x_wconf 77' lang='lat' dir='ltr'>adversus</span> <span class='ocrx_word' id='word_1_240' title='bbox 325 4482 486 4534; x_wconf 81' lang='lat' dir='ltr'>Artemonis</span> <span class='ocrx_word' id='word_1_241' title='bbox 497 4482 622 4534; x_wconf 89' lang='lat' dir='ltr'>haeresim</span> 
     </span>
    </p>
   </div>
   <div class='ocr_carea' id='block_1_7' title="bbox 685 1595 1216 1660">
    <p class='ocr_par' dir='ltr' id='par_1_8' title="bbox 685 1595 1216 1660">
     <span class='ocr_line' id='line_1_42' title="bbox 685 1595 1216 1660; baseline -0.006 -13"><span class='ocrx_word' id='word_1_242' title='bbox 685 1595 845 1660; x_wconf 81' lang='lat' dir='ltr'>adjiciemus</span> <span class='ocrx_word' id='word_1_243' title='bbox 871 1595 926 1646; x_wconf 85' lang='lat' dir='ltr'>alia</span> <span class='ocrx_word' id='word_1_244' title='bbox 958 1609 1066 1660; x_wconf 86' lang='lat' dir='ltr'>quoque</span> <span class='ocrx_word' id='word_1_245' title='bbox 1094 1595 1216 1659; x_wconf 86' lang='lat' dir='ltr'>ejusdem</span> 
     </span>
    </p>
   </div>
   <div class='ocr_carea' id='block_1_8' title="bbox 654 1687 1218 4544">
    <p class='ocr_par' dir='ltr' id='par_1_9' title="bbox 654 1687 1218 4544">
     <span class='ocr_line' id='line_1_43' title="bbox 658 1687 1216 1752; baseline 0.007 -15"><span class='ocrx_word' id='word_1_246' title='bbox 658 1709 669 1730; x_wconf 89' lang='grc' dir='ltr'>ι</span> <span class='ocrx_word' id='word_1_247' title='bbox 683 1687 828 1752; x_wconf 87' lang='lat' dir='ltr'>scriptoris</span> <span class='ocrx_word' id='word_1_248' title='bbox 845 1688 880 1740; x_wconf 89' lang='lat' dir='ltr'>de</span> <span class='ocrx_word' id='word_1_249' title='bbox 894 1689 993 1741; x_wconf 88' lang='lat' dir='ltr'>iisdem</span> <span class='ocrx_word' id='word_1_250' title='bbox 1008 1689 1145 1741; x_wconf 78' lang='lat' dir='ltr'>haereticis</span> <span class='ocrx_word' id='word_1_251' title='bbox 1157 1705 1216 1741; x_wconf 89' lang='lat' dir='ltr'>ver·</span> 
     </span>
     <span class='ocr_line' id='line_1_44' title="bbox 657 1777 1215 1844; baseline 0.009 -17"><span class='ocrx_word' id='word_1_252' title='bbox 657 1800 672 1844; x_wconf 28' lang='grc' dir='ltr'>,ιι</span> <span class='ocrx_word' id='word_1_253' title='bbox 686 1778 730 1840; x_wconf 85' lang='lat' dir='ltr'>ba,</span> <span class='ocrx_word' id='word_1_254' title='bbox 740 1790 801 1840; x_wconf 87' lang='lat' dir='ltr'>ques</span> <span class='ocrx_word' id='word_1_255' title='bbox 813 1777 853 1829; x_wconf 88' lang='lat' dir='ltr'>eic</span> <span class='ocrx_word' id='word_1_256' title='bbox 865 1779 980 1832; x_wconf 85' lang='lat' dir='ltr'>babent:</span> <span class='ocrx_word' id='word_1_257' title='bbox 989 1780 1086 1831; x_wconf 84' lang='lat' dir='ltr'>Sacrae</span> <span class='ocrx_word' id='word_1_258' title='bbox 1095 1781 1215 1842; x_wconf 85' lang='lat' dir='ltr'>quidem,</span> 
     </span>
     <span class='ocr_line' id='line_1_45' title="bbox 661 1867 1217 1934; baseline 0.007 -16"><span class='ocrx_word' id='word_1_259' title='bbox 661 1891 673 1911; x_wconf 90' lang='grc' dir='ltr'>ι</span> <span class='ocrx_word' id='word_1_260' title='bbox 687 1868 783 1931; x_wconf 89' lang='lat' dir='ltr'>inquit,</span> <span class='ocrx_word' id='word_1_261' title='bbox 798 1867 955 1934; x_wconf 79' lang='lat' dir='ltr'>Scriptores</span> <span class='ocrx_word' id='word_1_262' title='bbox 969 1871 1101 1922; x_wconf 85' lang='lat' dir='ltr'>audacter</span> <span class='ocrx_word' id='word_1_263' title='bbox 1113 1870 1217 1922; x_wconf 87' lang='lat' dir='ltr'>adulte·</span> 
     </span>
     <span class='ocr_line' id='line_1_46' title="bbox 659 1957 1218 2022; baseline 0.002 -14"><span class='ocrx_word' id='word_1_264' title='bbox 659 1980 671 2001; x_wconf 86' lang='grc' dir='ltr'>ι</span> <span class='ocrx_word' id='word_1_265' title='bbox 686 1957 829 2022; x_wconf 77' lang='lat' dir='ltr'>raserunt3</span> <span class='ocrx_word' id='word_1_266' title='bbox 858 1958 1006 2022; x_wconf 78' lang='lat' dir='ltr'>primitivae</span> <span class='ocrx_word' id='word_1_267' title='bbox 1033 1963 1125 2010; x_wconf 85' lang='lat' dir='ltr'>autem</span> <span class='ocrx_word' id='word_1_268' title='bbox 1152 1959 1218 2010; x_wconf 83' lang='lat' dir='ltr'>fidei</span> 
     </span>
     <span class='ocr_line' id='line_1_47' title="bbox 660 2047 1216 2115; baseline 0.004 -17"><span class='ocrx_word' id='word_1_269' title='bbox 660 2069 672 2092; x_wconf 90' lang='grc' dir='ltr'>ι</span> <span class='ocrx_word' id='word_1_270' title='bbox 686 2047 811 2113; x_wconf 85' lang='lat' dir='ltr'>regulam</span> <span class='ocrx_word' id='word_1_271' title='bbox 832 2049 998 2115; x_wconf 83' lang='lat' dir='ltr'>rejecerunt3</span> <span class='ocrx_word' id='word_1_272' title='bbox 1019 2049 1159 2102; x_wconf 85' lang='lat' dir='ltr'>Christum</span> <span class='ocrx_word' id='word_1_273' title='bbox 1176 2050 1216 2114; x_wconf 92' lang='lat' dir='ltr'>ip-</span> 
     </span>
     <span class='ocr_line' id='line_1_48' title="bbox 661 2123 1218 2208; baseline 0.018 -24"><span class='ocrx_word' id='word_1_274' title='bbox 661 2163 673 2184; x_wconf 77' lang='lat'><strong>„</strong></span> <span class='ocrx_word' id='word_1_275' title='bbox 687 2123 877 2202; x_wconf 81' lang='lat' dir='ltr'>eumdemque</span> <span class='ocrx_word' id='word_1_276' title='bbox 890 2141 1098 2208; x_wconf 79' lang='lat' dir='ltr'>ignoraverunt3</span> <span class='ocrx_word' id='word_1_277' title='bbox 1112 2155 1168 2193; x_wconf 90' lang='lat' dir='ltr'>non</span> <span class='ocrx_word' id='word_1_278' title='bbox 1180 2142 1218 2194; x_wconf 92' lang='lat' dir='ltr'>in·</span> 
     </span>
     <span class='ocr_line' id='line_1_49' title="bbox 658 2231 1217 2295; baseline 0.002 -14"><span class='ocrx_word' id='word_1_279' title='bbox 658 2253 671 2274; x_wconf 88' lang='grc' dir='ltr'>ι</span> <span class='ocrx_word' id='word_1_280' title='bbox 685 2231 824 2294; x_wconf 88' lang='lat' dir='ltr'>quirentes</span> <span class='ocrx_word' id='word_1_281' title='bbox 838 2233 904 2295; x_wconf 89' lang='lat' dir='ltr'>quid</span> <span class='ocrx_word' id='word_1_282' title='bbox 914 2247 999 2284; x_wconf 84' lang='lat' dir='ltr'>sacrae</span> <span class='ocrx_word' id='word_1_283' title='bbox 1014 2233 1130 2284; x_wconf 81' lang='lat' dir='ltr'>doceant</span> <span class='ocrx_word' id='word_1_284' title='bbox 1146 2233 1217 2284; x_wconf 89' lang='lat' dir='ltr'>Scri-</span> 
     </span>
     <span class='ocr_line' id='line_1_50' title="bbox 658 2325 1215 2392; baseline 0.009 -17"><span class='ocrx_word' id='word_1_285' title='bbox 658 2347 671 2368; x_wconf 91' lang='grc' dir='ltr'>ιι</span> <span class='ocrx_word' id='word_1_286' title='bbox 684 2327 781 2390; x_wconf 88' lang='lat' dir='ltr'>pturae,</span> <span class='ocrx_word' id='word_1_287' title='bbox 799 2325 847 2376; x_wconf 87' lang='lat' dir='ltr'>sed</span> <span class='ocrx_word' id='word_1_288' title='bbox 868 2329 1021 2390; x_wconf 86' lang='lat' dir='ltr'>eujusmodi</span> <span class='ocrx_word' id='word_1_289' title='bbox 1043 2327 1215 2392; x_wconf 83' lang='lat' dir='ltr'>syllogismo-</span> 
     </span>
     <span class='ocr_line' id='line_1_51' title="bbox 656 2415 1215 2480; baseline 0.004 -14"><span class='ocrx_word' id='word_1_290' title='bbox 656 2437 668 2460; x_wconf 85' lang='grc' dir='ltr'>ιι</span> <span class='ocrx_word' id='word_1_291' title='bbox 682 2429 743 2466; x_wconf 89' lang='lat' dir='ltr'>rum</span> <span class='ocrx_word' id='word_1_292' title='bbox 760 2415 850 2480; x_wconf 80' lang='lat' dir='ltr'>ligura</span> <span class='ocrx_word' id='word_1_293' title='bbox 874 2417 908 2467; x_wconf 86' lang='lat' dir='ltr'>ad</span> <span class='ocrx_word' id='word_1_294' title='bbox 928 2417 1145 2468; x_wconf 80' lang='lat' dir='ltr'>confirmandam</span> <span class='ocrx_word' id='word_1_295' title='bbox 1164 2417 1215 2468; x_wconf 91' lang='lat' dir='ltr'>im-</span> 
     </span>
     <span class='ocr_line' id='line_1_52' title="bbox 655 2491 1216 2572; baseline 0.016 -22"><span class='ocrx_word' id='word_1_296' title='bbox 655 2491 809 2570; x_wconf 70' lang='lat' dir='ltr'>epie&#39;iatem</span> <span class='ocrx_word' id='word_1_297' title='bbox 829 2519 907 2556; x_wconf 86' lang='lat' dir='ltr'>suam</span> <span class='ocrx_word' id='word_1_298' title='bbox 924 2507 1086 2572; x_wconf 85' lang='lat' dir='ltr'>reperiatur,</span> <span class='ocrx_word' id='word_1_299' title='bbox 1105 2506 1216 2559; x_wconf 87' lang='lat' dir='ltr'>assidue</span> 
     </span>
     <span class='ocr_line' id='line_1_53' title="bbox 657 2593 1216 2660; baseline 0.004 -15"><span class='ocrx_word' id='word_1_300' title='bbox 657 2617 670 2638; x_wconf 83' lang='grc' dir='ltr'>ιι</span> <span class='ocrx_word' id='word_1_301' title='bbox 684 2593 857 2645; x_wconf 84' lang='lat' dir='ltr'>meditantes.</span> <span class='ocrx_word' id='word_1_302' title='bbox 875 2595 994 2655; x_wconf 85' lang='lat' dir='ltr'>Quodsi</span> <span class='ocrx_word' id='word_1_303' title='bbox 1013 2597 1074 2660; x_wconf 87' lang='lat' dir='ltr'>quis</span> <span class='ocrx_word' id='word_1_304' title='bbox 1095 2595 1216 2659; x_wconf 81' lang='lat' dir='ltr'>aliquem</span> 
     </span>
     <span class='ocr_line' id='line_1_54' title="bbox 659 2683 1215 2750; baseline 0.005 -16"><span class='ocrx_word' id='word_1_305' title='bbox 659 2707 672 2728; x_wconf 91' lang='grc' dir='ltr'>ιι</span> <span class='ocrx_word' id='word_1_306' title='bbox 685 2683 782 2735; x_wconf 75' lang='lat' dir='ltr'>divinae</span> <span class='ocrx_word' id='word_1_307' title='bbox 801 2683 950 2749; x_wconf 73' lang='lat' dir='ltr'>Scripturas</span> <span class='ocrx_word' id='word_1_308' title='bbox 971 2686 1063 2738; x_wconf 86' lang='lat' dir='ltr'>locum</span> <span class='ocrx_word' id='word_1_309' title='bbox 1082 2686 1122 2738; x_wconf 87' lang='lat' dir='ltr'>eis</span> <span class='ocrx_word' id='word_1_310' title='bbox 1146 2687 1215 2750; x_wconf 89' lang='lat' dir='ltr'>obji-</span> 
     </span>
     <span class='ocr_line' id='line_1_55' title="bbox 657 2774 1217 2837; baseline 0.011 -15"><span class='ocrx_word' id='word_1_311' title='bbox 657 2796 669 2819; x_wconf 80' lang='grc' dir='ltr'>ιι</span> <span class='ocrx_word' id='word_1_312' title='bbox 683 2774 747 2837; x_wconf 82' lang='lat' dir='ltr'>ctat,</span> <span class='ocrx_word' id='word_1_313' title='bbox 771 2775 929 2826; x_wconf 86' lang='lat' dir='ltr'>examinant</span> <span class='ocrx_word' id='word_1_314' title='bbox 951 2778 1044 2828; x_wconf 90' lang='lat' dir='ltr'>utrum</span> <span class='ocrx_word' id='word_1_315' title='bbox 1063 2789 1217 2828; x_wconf 81' lang='lat' dir='ltr'>connexum</span> 
     </span>
     <span class='ocr_line' id='line_1_56' title="bbox 659 2866 1216 2934; baseline 0.004 -16"><span class='ocrx_word' id='word_1_316' title='bbox 659 2889 671 2910; x_wconf 86' lang='grc' dir='ltr'>ι</span> <span class='ocrx_word' id='word_1_317' title='bbox 685 2880 720 2918; x_wconf 89' lang='lat' dir='ltr'>an</span> <span class='ocrx_word' id='word_1_318' title='bbox 732 2866 898 2930; x_wconf 83' lang='lat' dir='ltr'>disjunctum</span> <span class='ocrx_word' id='word_1_319' title='bbox 909 2867 1064 2934; x_wconf 85' lang='lat' dir='ltr'>syllogismi</span> <span class='ocrx_word' id='word_1_320' title='bbox 1079 2881 1167 2934; x_wconf 81' lang='lat' dir='ltr'>genus</span> <span class='ocrx_word' id='word_1_321' title='bbox 1182 2883 1216 2920; x_wconf 82' lang='lat' dir='ltr'>ex</span> 
     </span>
     <span class='ocr_line' id='line_1_57' title="bbox 656 2956 1216 3022; baseline 0.005 -15"><span class='ocrx_word' id='word_1_322' title='bbox 656 2979 668 3000; x_wconf 89' lang='grc' dir='ltr'>ι</span> <span class='ocrx_word' id='word_1_323' title='bbox 681 2969 714 3008; x_wconf 92' lang='lat' dir='ltr'>eo</span> <span class='ocrx_word' id='word_1_324' title='bbox 735 2956 834 3008; x_wconf 84' lang='lat' dir='ltr'>confici</span> <span class='ocrx_word' id='word_1_325' title='bbox 856 2958 952 3021; x_wconf 86' lang='lat' dir='ltr'>possit.</span> <span class='ocrx_word' id='word_1_326' title='bbox 973 2957 1145 3022; x_wconf 83' lang='lat' dir='ltr'>Relictquue</span> <span class='ocrx_word' id='word_1_327' title='bbox 1172 2965 1216 3010; x_wconf 87' lang='lat' dir='ltr'>at-</span> 
     </span>
     <span class='ocr_line' id='line_1_58' title="bbox 655 3046 1215 3113; baseline 0.009 -18"><span class='ocrx_word' id='word_1_328' title='bbox 655 3068 667 3089; x_wconf 90' lang='grc' dir='ltr'>ι</span> <span class='ocrx_word' id='word_1_329' title='bbox 682 3059 733 3109; x_wconf 88' lang='lat' dir='ltr'>que</span> <span class='ocrx_word' id='word_1_330' title='bbox 750 3046 863 3108; x_wconf 87' lang='lat' dir='ltr'>abjectis</span> <span class='ocrx_word' id='word_1_331' title='bbox 879 3048 964 3098; x_wconf 86' lang='lat' dir='ltr'>saeris</span> <span class='ocrx_word' id='word_1_332' title='bbox 984 3047 1034 3098; x_wconf 92' lang='lat' dir='ltr'>Dei</span> <span class='ocrx_word' id='word_1_333' title='bbox 1055 3047 1215 3113; x_wconf 84' lang='lat' dir='ltr'>seripturis,</span> 
     </span>
     <span class='ocr_line' id='line_1_59' title="bbox 657 3140 1216 3208; baseline 0.011 -18"><span class='ocrx_word' id='word_1_334' title='bbox 657 3161 669 3182; x_wconf 89' lang='grc' dir='ltr'>ιι</span> <span class='ocrx_word' id='word_1_335' title='bbox 683 3140 839 3205; x_wconf 83' lang='lat' dir='ltr'>geometriae</span> <span class='ocrx_word' id='word_1_336' title='bbox 857 3141 982 3202; x_wconf 85' lang='lat' dir='ltr'>student;</span> <span class='ocrx_word' id='word_1_337' title='bbox 993 3141 1095 3208; x_wconf 88' lang='lat' dir='ltr'>quippe</span> <span class='ocrx_word' id='word_1_338' title='bbox 1108 3143 1155 3206; x_wconf 87' lang='lat' dir='ltr'>qui</span> <span class='ocrx_word' id='word_1_339' title='bbox 1164 3146 1216 3196; x_wconf 87' lang='lat' dir='ltr'>ter·</span> 
     </span>
     <span class='ocr_line' id='line_1_60' title="bbox 654 3228 1214 3298; baseline 0.013 -21"><span class='ocrx_word' id='word_1_340' title='bbox 654 3249 666 3272; x_wconf 82' lang='grc' dir='ltr'>ι</span> <span class='ocrx_word' id='word_1_341' title='bbox 680 3229 781 3279; x_wconf 88' lang='lat' dir='ltr'>reetree</span> <span class='ocrx_word' id='word_1_342' title='bbox 800 3228 857 3279; x_wconf 87' lang='lat' dir='ltr'>sint</span> <span class='ocrx_word' id='word_1_343' title='bbox 878 3232 905 3280; x_wconf 91' lang='lat' dir='ltr'>et</span> <span class='ocrx_word' id='word_1_344' title='bbox 925 3230 1074 3294; x_wconf 88' lang='lat' dir='ltr'>loquantur</span> <span class='ocrx_word' id='word_1_345' title='bbox 1094 3233 1214 3298; x_wconf 86' lang='lat' dir='ltr'>terrena,</span> 
     </span>
     <span class='ocr_line' id='line_1_61' title="bbox 656 3315 1214 3386; baseline 0.005 -18"><span class='ocrx_word' id='word_1_346' title='bbox 656 3339 668 3360; x_wconf 86' lang='grc' dir='ltr'>ι</span> <span class='ocrx_word' id='word_1_347' title='bbox 682 3318 709 3368; x_wconf 92' lang='lat' dir='ltr'>et</span> <span class='ocrx_word' id='word_1_348' title='bbox 721 3315 798 3366; x_wconf 90' lang='lat' dir='ltr'>illum</span> <span class='ocrx_word' id='word_1_349' title='bbox 811 3315 858 3379; x_wconf 89' lang='lat' dir='ltr'>qui</span> <span class='ocrx_word' id='word_1_350' title='bbox 870 3317 904 3367; x_wconf 92' lang='lat' dir='ltr'>de</span> <span class='ocrx_word' id='word_1_351' title='bbox 919 3317 990 3369; x_wconf 85' lang='lat' dir='ltr'>coelo</span> <span class='ocrx_word' id='word_1_352' title='bbox 1006 3318 1114 3370; x_wconf 75' lang='lat' dir='ltr'>advenit</span> <span class='ocrx_word' id='word_1_353' title='bbox 1134 3319 1214 3386; x_wconf 86' lang='lat' dir='ltr'>igno-</span> 
     </span>
     <span class='ocr_line' id='line_1_62' title="bbox 659 3405 1216 3473; baseline 0.013 -18"><span class='ocrx_word' id='word_1_354' title='bbox 659 3427 671 3448; x_wconf 75' lang='grc' dir='ltr'>ι</span> <span class='ocrx_word' id='word_1_355' title='bbox 685 3407 755 3456; x_wconf 88' lang='lat' dir='ltr'>rent.</span> <span class='ocrx_word' id='word_1_356' title='bbox 784 3405 908 3456; x_wconf 86' lang='lat' dir='ltr'>Euclidis</span> <span class='ocrx_word' id='word_1_357' title='bbox 946 3406 1031 3472; x_wconf 85' lang='lat' dir='ltr'>Igitur</span> <span class='ocrx_word' id='word_1_358' title='bbox 1063 3409 1216 3473; x_wconf 83' lang='lat' dir='ltr'>geometris</span> 
     </span>
     <span class='ocr_line' id='line_1_63' title="bbox 656 3492 1215 3559; baseline 0.013 -18"><span class='ocrx_word' id='word_1_359' title='bbox 656 3515 668 3538; x_wconf 70' lang='grc' dir='ltr'>ι</span> <span class='ocrx_word' id='word_1_360' title='bbox 682 3494 755 3559; x_wconf 86' lang='lat' dir='ltr'>apud</span> <span class='ocrx_word' id='word_1_361' title='bbox 768 3492 915 3546; x_wconf 89' lang='lat' dir='ltr'>nonnullos</span> <span class='ocrx_word' id='word_1_362' title='bbox 927 3507 1022 3546; x_wconf 89' lang='lat' dir='ltr'>eorum</span> <span class='ocrx_word' id='word_1_363' title='bbox 1035 3497 1158 3548; x_wconf 83' lang='lat' dir='ltr'>studiose</span> <span class='ocrx_word' id='word_1_364' title='bbox 1171 3511 1215 3548; x_wconf 84' lang='lat' dir='ltr'>ex-</span> 
     </span>
     <span class='ocr_line' id='line_1_64' title="bbox 659 3583 1215 3642; baseline 0.011 -8"><span class='ocrx_word' id='word_1_365' title='bbox 659 3606 671 3626; x_wconf 88' lang='grc' dir='ltr'>ι</span> <span class='ocrx_word' id='word_1_366' title='bbox 685 3583 797 3642; x_wconf 68' lang='lat' dir='ltr'>coliium</span> <span class='ocrx_word' id='word_1_367' title='bbox 814 3583 977 3636; x_wconf 78' lang='lat' dir='ltr'>Aristoteles</span> <span class='ocrx_word' id='word_1_368' title='bbox 992 3599 1057 3639; x_wconf 85' lang='lat' dir='ltr'>vero</span> <span class='ocrx_word' id='word_1_369' title='bbox 1081 3589 1107 3637; x_wconf 89' lang='lat' dir='ltr'>et</span> <span class='ocrx_word' id='word_1_370' title='bbox 1126 3586 1215 3640; x_wconf 78' lang='lat' dir='ltr'>&#39;l&#39;heo-</span> 
     </span>
     <span class='ocr_line' id='line_1_65' title="bbox 657 3669 1214 3738; baseline 0.011 -16"><span class='ocrx_word' id='word_1_371' title='bbox 657 3669 813 3738; x_wconf 70' lang='lat' dir='ltr'>„perseius</span> <span class='ocrx_word' id='word_1_372' title='bbox 829 3687 937 3724; x_wconf 88' lang='lat' dir='ltr'>summa</span> <span class='ocrx_word' id='word_1_373' title='bbox 954 3674 1136 3727; x_wconf 76' lang='lat' dir='ltr'>admiratione</span> <span class='ocrx_word' id='word_1_374' title='bbox 1154 3690 1214 3728; x_wconf 85' lang='lat' dir='ltr'>sus·</span> 
     </span>
     <span class='ocr_line' id='line_1_66' title="bbox 656 3763 1214 3830; baseline 0.02 -22"><span class='ocrx_word' id='word_1_375' title='bbox 656 3786 668 3808; x_wconf 59' lang='lat' dir='ltr'>a</span> <span class='ocrx_word' id='word_1_376' title='bbox 682 3764 835 3830; x_wconf 77' lang='lat' dir='ltr'>cipiuntur3</span> <span class='ocrx_word' id='word_1_377' title='bbox 856 3763 977 3815; x_wconf 84' lang='lat' dir='ltr'>Galenus</span> <span class='ocrx_word' id='word_1_378' title='bbox 998 3767 1090 3817; x_wconf 86' lang='lat' dir='ltr'>autem</span> <span class='ocrx_word' id='word_1_379' title='bbox 1111 3780 1128 3818; x_wconf 88' lang='lat' dir='ltr'>a</span> <span class='ocrx_word' id='word_1_380' title='bbox 1154 3769 1214 3830; x_wconf 82' lang='lat' dir='ltr'>qui·</span> 
     </span>
     <span class='ocr_line' id='line_1_67' title="bbox 658 3854 1215 3910; baseline 0.018 -11"><span class='ocrx_word' id='word_1_381' title='bbox 658 3854 800 3905; x_wconf 75' lang='lat' dir='ltr'>„busdam</span> <span class='ocrx_word' id='word_1_382' title='bbox 822 3854 905 3905; x_wconf 89' lang='lat' dir='ltr'>etiarn</span> <span class='ocrx_word' id='word_1_383' title='bbox 929 3855 1068 3907; x_wconf 88' lang='lat' dir='ltr'>adoratur.</span> <span class='ocrx_word' id='word_1_384' title='bbox 1094 3856 1215 3910; x_wconf 86' lang='lat' dir='ltr'>Proinde</span> 
     </span>
     <span class='ocr_line' id='line_1_68' title="bbox 658 3944 1215 4008; baseline 0.018 -18"><span class='ocrx_word' id='word_1_385' title='bbox 658 3967 671 3990; x_wconf 68' lang='lat' dir='ltr'>a</span> <span class='ocrx_word' id='word_1_386' title='bbox 686 3945 768 4005; x_wconf 87' lang='lat' dir='ltr'>istos,</span> <span class='ocrx_word' id='word_1_387' title='bbox 798 3944 845 4008; x_wconf 89' lang='lat' dir='ltr'>qui</span> <span class='ocrx_word' id='word_1_388' title='bbox 868 3945 1021 3997; x_wconf 80' lang='lat' dir='ltr'>infidelium</span> <span class='ocrx_word' id='word_1_389' title='bbox 1048 3947 1154 3999; x_wconf 82' lang='lat' dir='ltr'>artibus</span> <span class='ocrx_word' id='word_1_390' title='bbox 1182 3963 1215 4000; x_wconf 89' lang='lat' dir='ltr'>ao</span> 
     </span>
     <span class='ocr_line' id='line_1_69' title="bbox 658 4033 1213 4099; baseline 0.009 -15"><span class='ocrx_word' id='word_1_391' title='bbox 658 4057 670 4078; x_wconf 90' lang='grc' dir='ltr'>ιι</span> <span class='ocrx_word' id='word_1_392' title='bbox 684 4033 839 4099; x_wconf 83' lang='lat' dir='ltr'>dleciplinIe</span> <span class='ocrx_word' id='word_1_393' title='bbox 861 4035 896 4085; x_wconf 90' lang='lat' dir='ltr'>ad</span> <span class='ocrx_word' id='word_1_394' title='bbox 918 4035 1111 4086; x_wconf 87' lang='lat' dir='ltr'>stabiliendam</span> <span class='ocrx_word' id='word_1_395' title='bbox 1128 4037 1213 4089; x_wconf 87' lang='lat' dir='ltr'>heere-</span> 
     </span>
     <span class='ocr_line' id='line_1_70' title="bbox 660 4123 1215 4188; baseline 0.004 -13"><span class='ocrx_word' id='word_1_396' title='bbox 660 4124 724 4175; x_wconf 70' lang='lat' dir='ltr'>neis</span> <span class='ocrx_word' id='word_1_397' title='bbox 747 4136 804 4174; x_wconf 74' lang='lat' dir='ltr'>sua</span> <span class='ocrx_word' id='word_1_398' title='bbox 830 4123 987 4188; x_wconf 88' lang='lat' dir='ltr'>opinionem</span> <span class='ocrx_word' id='word_1_399' title='bbox 1015 4124 1215 4178; x_wconf 69' lang='lat' dir='ltr'>abutuntur&#39;et</span> 
     </span>
     <span class='ocr_line' id='line_1_71' title="bbox 656 4212 1214 4277; baseline 0.011 -18"><span class='ocrx_word' id='word_1_400' title='bbox 656 4213 777 4265; x_wconf 72' lang='lat' dir='ltr'>„subtili</span> <span class='ocrx_word' id='word_1_401' title='bbox 796 4212 944 4277; x_wconf 88' lang='lat' dir='ltr'>impiorum</span> <span class='ocrx_word' id='word_1_402' title='bbox 962 4213 1104 4264; x_wconf 90' lang='lat' dir='ltr'>hominum</span> <span class='ocrx_word' id='word_1_403' title='bbox 1121 4228 1214 4265; x_wconf 83' lang='lat' dir='ltr'>veren-</span> 
     </span>
     <span class='ocr_line' id='line_1_72' title="bbox 657 4301 1215 4368; baseline 0.002 -15"><span class='ocrx_word' id='word_1_404' title='bbox 657 4325 669 4346; x_wconf 89' lang='grc' dir='ltr'>ι</span> <span class='ocrx_word' id='word_1_405' title='bbox 683 4302 722 4354; x_wconf 87' lang='lat' dir='ltr'>tie</span> <span class='ocrx_word' id='word_1_406' title='bbox 730 4301 962 4368; x_wconf 86' lang='lat' dir='ltr'>simplicissimam</span> <span class='ocrx_word' id='word_1_407' title='bbox 976 4303 1129 4355; x_wconf 85' lang='lat' dir='ltr'>divinarum</span> <span class='ocrx_word' id='word_1_408' title='bbox 1144 4302 1215 4356; x_wconf 87' lang='lat' dir='ltr'>Seri·</span> 
     </span>
     <span class='ocr_line' id='line_1_73' title="bbox 656 4391 1214 4458; baseline 0.004 -14"><span class='ocrx_word' id='word_1_409' title='bbox 656 4415 669 4438; x_wconf 89' lang='grc' dir='ltr'>ιι</span> <span class='ocrx_word' id='word_1_410' title='bbox 683 4395 826 4458; x_wconf 85' lang='lat' dir='ltr'>pturerum</span> <span class='ocrx_word' id='word_1_411' title='bbox 842 4391 1000 4444; x_wconf 88' lang='lat' dir='ltr'>adulterant</span> <span class='ocrx_word' id='word_1_412' title='bbox 1015 4393 1106 4454; x_wconf 87' lang='lat' dir='ltr'>fldem,</span> <span class='ocrx_word' id='word_1_413' title='bbox 1126 4407 1214 4446; x_wconf 91' lang='lat' dir='ltr'>remo-</span> 
     </span>
     <span class='ocr_line' id='line_1_74' title="bbox 656 4483 1216 4544; baseline 0 -9"><span class='ocrx_word' id='word_1_414' title='bbox 656 4505 669 4526; x_wconf 84' lang='grc' dir='ltr'>ιι</span> <span class='ocrx_word' id='word_1_415' title='bbox 683 4483 804 4536; x_wconf 84' lang='lat' dir='ltr'>tissimos</span> <span class='ocrx_word' id='word_1_416' title='bbox 827 4495 886 4533; x_wconf 84' lang='lat' dir='ltr'>esse</span> <span class='ocrx_word' id='word_1_417' title='bbox 906 4497 923 4533; x_wconf 88' lang='lat' dir='ltr'>a</span> <span class='ocrx_word' id='word_1_418' title='bbox 945 4483 999 4534; x_wconf 87' lang='lat' dir='ltr'>tide</span> <span class='ocrx_word' id='word_1_419' title='bbox 1028 4483 1094 4544; x_wconf 80' lang='lat' dir='ltr'>quid</span> <span class='ocrx_word' id='word_1_420' title='bbox 1116 4484 1216 4535; x_wconf 86' lang='lat' dir='ltr'>attinet</span> 
     </span>
    </p>
   </div>
   <div class='ocr_carea' id='block_1_9' title="bbox 0 0 1590 5134">
    <p class='ocr_par' dir='ltr' id='par_1_10' title="bbox 0 0 1590 5134">
     <span class='ocr_line' id='line_1_75' title="bbox 0 0 1590 5134; baseline 0 0"><span class='ocrx_word' id='word_1_421' title='bbox 0 0 1590 5134; x_wconf 95' lang='lat' dir='ltr'> </span> 
     </span>
    </p>
   </div>
  </div>
 </body>
</html>
