3170 5134
320 435 378 497 las
560 449 629 495 mss.
652 449 692 494 ιιι.
717 449 752 493 nu
773 447 900 494 sumone
921 446 1221 494 nurmsoruoosuuou.

254 660 256 664 ·
319 619 479 694 habetur
512 616 694 692 memoria
727 615 883 692 alterius
918 613 1116 717 Hippolyti
1147 615 1211 715 qui
1242 614 1375 692 Romae
1401 612 1463 690 uel

313 753 426 854 juxta
449 750 612 828 Romam
637 748 843 854 pastoralia
866 773 1024 826 munera
1046 749 1268 826 exercuerit.
1294 747 1462 824 -Idem

316 883 554 962 concluditur
578 889 614 961 et
639 911 685 961 ex
707 888 832 962 statua
853 907 1066 960 marmorea
1087 881 1287 984 Hippolyti
1310 881 1461 983 scripto-

316 1022 381 1098 ris.
404 1021 499 1110 Quae
516 1020 658 1099 scilicet
671 1025 818 1124 reperta
836 1021 947 1098 estin
967 1019 1164 1096 ruderibus
1178 1019 1345 1120 ejusdem
1362 1017 1462 1094 illius

316 1166 458 1265 cryptae
476 1187 588 1266 quam
607 1162 803 1266 descripsit
821 1162 1051 1240 Prudentius
1070 1163 1081 1259 (
1097 1163 1120 1259 ).

367 1326 431 1410 43.
459 1344 682 1426 Appendlx.
713 1335 769 1406 De
795 1332 883 1407 aliis
908 1329 1142 1426 Hs'ppolptz's,
1173 1373 1219 1382 -
1247 1328 1291 1404 Ιιι
1318 1327 1462 1428 Marty-

317 1465 460 1567 rologio
485 1465 781 1568 Hieronymiano
805 1465 928 1543 adhuc
952 1465 1081 1542 Idibus
1105 1464 1269 1564 Augusti
1295 1463 1463 1565 assigna-

220 1591 224 1598 *
313 1605 376 1679 tur
398 1600 579 1677 memoria
601 1600 797 1704 Hippolyti
820 1601 938 1678 nostri
962 1599 1027 1702 qui
1049 1599 1171 1676 socius
1194 1596 1267 1674 fuit
1288 1597 1465 1699 martyrii

314 1735 493 1813 Pontiani
520 1739 570 1835 (l.
599 1737 650 1813 nt
681 1736 720 1811 in
751 1735 1032 1838 martyrologiis
1063 1733 1332 1836 posterioribus
1363 1733 1464 1809 Pon-

313 1873 439 1949 tianus
462 1875 498 1950 et
521 1870 750 1974 Hippolytus
772 1872 966 1974 presbyter
986 1869 1162 1948 translati
1185 1868 1340 1946 suntad
1363 1868 1465 1944 diem

312 2014 361 2085 29
391 2009 477 2086 Oct.
511 2010 548 2107 ()
578 2012 615 2085 et
644 2013 773 2111 postea
801 2009 849 2085 ad
878 2015 927 2086 20
956 2008 1016 2085 vel
1049 2013 1094 2085 19
1125 2009 1222 2085 Nov.
1256 2009 1314 2105 (ι),
1347 2009 1385 2083 ct
1413 2007 1463 2082 ad

318 2154 363 2225 13
392 2147 490 2248 Aug.
520 2147 566 2223 iis
597 2145 822 2224 substitutus
852 2152 909 2223 cst
938 2145 1168 2248 Hippolytus
1198 2143 1305 2219 miles
1336 2143 1464 2220 socius

313 2282 508 2360 Laurentii
527 2285 537 2381 (
553 2284 576 2381 l.
596 2282 705 2358 -Et
723 2282 872 2383 quidem
891 2281 1140 2385 Hippolytum
1158 2279 1259 2355 hunc
1276 2302 1463 2355 memora·

310 2421 393 2495 tum
415 2416 622 2518 reperimus
640 2415 680 2493 in
696 2417 948 2494 monumentis
967 2441 1039 2492 sec.
1060 2415 1114 2492 Vl
1137 2413 1197 2490 vel
1219 2414 1333 2491 etiam
1351 2413 1387 2488 V
1407 2417 1460 2511 (o).

308 2554 452 2630 Verum
473 2577 520 2628 ex
543 2551 603 2629 his
624 2551 860 2640 testimoniis
881 2552 978 2628 siout
1001 2555 1105 2627 etex
1128 2549 1214 2626 aliis
1238 2574 1323 2651 quae
1346 2547 1462 2625 colle-

308 2698 446 2799 gerunt
468 2688 710 2769 Bollandiaui
734 2690 785 2787 (ι),
806 2687 843 2763 id
867 2671 989 2764 solum
1011 2685 1183 2773 habetur,
1204 2682 1462 2786 Hippolytum

306 2919 368 2985 post
394 2918 520 2968 exortum
553 2913 674 2964 schisma
702 2911 856 2962 Novatiani.
892 2909 1084 2974 presbyterum
1096 2908 1223 2959 eumdem
1236 2920 1296 2959 esse
1308 2921 1371 2958 cum
1386 2907 1457 2972 Hip-

307 3007 360 3060 Sed
378 3005 457 3058 facile
478 3003 567 3068 potuit
586 3001 696 3052 traditio
716 3000 859 3065 popularis
893 2998 986 3064 polyto
998 2999 1142 3063 scriptore.
1157 2997 1251 3049 Solum
1268 2998 1359 3048 eutem
1378 3011 1462 3062 argu—

306 3097 427 3148 schisms
448 3093 530 3154 illud,
555 3092 628 3154 quod
650 3091 742 3141 locum
765 3091 863 3140 habuit
896 3090 1121 3148 mentumsti’ert‚
1136 3089 1210 3152 quod
1229 3088 1416 3151 Hieronymus
1431 3091 1462 3139 ct

307 3185 421 3236 Callisto
448 3183 475 3235 S.
500 3182 532 3232 P.
557 3182 585 3232 et
612 3180 686 3230 brevi
711 3179 861 3230 extinctum
895 3179 1065 3230 Prudentius
1087 3180 1208 3230 statuam
1237 3192 1292 3229 non
1318 3178 1458 3228 viderunt.

306 3274 411 3325 nullam
433 3273 477 3323 sui
499 3270 661 3322 memoriam
684 3269 796 3332 reliquit
818 3269 862 3328 (de
895 3268 973 3329 Quod
994 3268 1116 3320 libenter
1134 3267 1322 3330 concedimus,
1344 3267 1391 3318 sed
1416 3269 1458 3318 sa-

306 3381 361 3430 que
372 3378 402 3417 re
414 3364 496 3430 paulo
509 3362 596 3413 insius
608 3362 681 3412 infra
692 3361 726 3412 N.
740 3363 790 3421 55),
799 3374 863 3412 con·
898 3359 951 3412 cilo
963 3359 1095 3424 explicari
1108 3359 1302 3410 contendimus
1311 3359 1339 3408 in
1349 3359 1459 3410 senten-

305 3456 420 3507 lundere
448 3467 511 3504 cum
539 3452 688 3503 schismate
714 3452 861 3502 Novatiani
895 3451 1009 3513 tiaquae
1021 3448 1377 3515 Hippolytumscriptorcm
1389 3447 1460 3500 Phi·
1582 3509 1583 3516 ἵ

306 3546 465 3598 hrevissims
477 3545 539 3610 post
550 3543 646 3595 exorto
658 3544 685 3594 et
697 3542 778 3608 longe
791 3542 862 3594 cele·
896 3543 1126 3604 losephoamenon
1160 3539 1266 3590 statuit.
1298 3537 1353 3589 Cir.
1383 3537 1459 3590 infra
1555 3517 1583 3552 ἰ

306 3636 401 3688 brieri.
426 3635 490 3709 Qec
518 3632 663 3697 responsio
691 3631 863 3696 probabilior
897 3631 931 3682 N.
946 3632 1060 3682 ὃόοιιιι.

305 3731 413 3782 videtur
424 3745 506 3795 quem
522 3731 578 3780 hac
590 3728 677 3780 alters
688 3727 861 3794 hypothesis,
933 3728 965 3791 (s)
979 3727 1053 3778 Test.
1063 3727 1119 3778 VI.
1130 3725 1169 3777 21
1183 3723 1318 3788 (append.
1327 3737 1389 3788 pag.
1398 3719 1455 3775 ssi.

305 3824 485 3890 Hippolytum
498 3823 612 3881 scilicet,
626 3835 766 3873 reversum
776 3835 791 3873 e
803 3823 865 3872 Sar-
931 3824 960 3884 (e)
970 3821 1045 3872 Test.
1058 3820 1113 3872 vl.
1125 3819 1168 3872 37
1178 3815 1312 3882 (Append.
1324 3829 1387 3880 pag.
1398 3812 1455 3880 34).

305 3921 389 3982 dinis,
403 3922 547 3972 cruentum
564 3919 726 3984 martyrium
746 3919 864 3970 subiisse
931 3919 960 3980 (s)
972 3917 1046 3968 Test.
1060 3915 1115 3968 VI.
1126 3915 1171 3965 44
1183 3911 1317 3977 (Append.
1329 3924 1392 3976 pag.
1400 3907 1456 3970 85).

304 4013 427 4076 tempore
439 4009 639 4075 persecutionis
651 4007 792 4061 Valeriani
804 4009 857 4073 (an.
928 4011 957 4069 (si
971 4007 1044 4058 Test.
1058 4005 1113 4058 Vl.
1127 4005 1179 4066 27,
1192 4003 1243 4066 32,
1261 4003 1302 4054 41
1319 4001 1456 4066 (Append.

307 4109 438 4169 asi-259).
896 4117 959 4169 pag.
973 4099 1076 4160 Βιιιθὸ).

336 4198 364 4260 (ι)
386 4197 494 4248 Rursus
518 4195 632 4246 omnino
650 4194 733 4258 negat
757 4193 787 4244 P.
813 4193 865 4243 An·
931 4193 961 4255 (s)
979 4192 1055 4243 Test.
1073 4190 1128 4243 vl.
1147 4191 1178 4251 ⁷,
1200 4191 1244 4246 11,
1261 4187 1302 4239 27
1319 4187 1455 4250 (ilppcnd.

304 4304 415 4346 sinemur
428 4292 488 4355 (Op.
504 4291 549 4342 cit.
564 4305 590 4356 p.
607 4291 648 4353 39)
665 4289 815 4352 quidquam
828 4300 861 4338 cx
896 4301 978 4352 pagg.
991 4281 1038 4353 29,
1048 4281 1161 4352 80,88).

303 4386 355 4436 hac
367 4383 575 4435 circumstantia
590 4382 643 4432 loci
658 4380 757 4431 deduci
778 4393 859 4444 posse
926 4379 957 4444 (r)
970 4377 1029 4430 Act.
1044 4377 1090 4429 SS.
1104 4379 1123 4430 t.
1138 4377 1189 4428 ιιι.
1203 4377 1274 4441 Aug.
1288 4389 1314 4440 p.
1329 4375 1353 4424 ι.

303 4474 337 4526 ad
372 4471 543 4538 probandum
572 4469 753 4536 Hippolytum
782 4469 861 4519 illum
