3170 5134
499 1116 737 1200 CAPUT
776 1117 871 1198 VI.

82 1388 221 1444 tractu
237 1385 618 1444 PHILOSOPHOUMENA
631 1387 755 1442 TRIBUI
771 1387 920 1442 POSSlNT
934 1387 1188 1443 TERTULLIANO
1203 1385 1246 1458 (l).

422 1745 425 1751 ‘
506 1765 796 1824 Announus
829 1767 855 1824 1.

237 1994 289 2040 DE
316 1992 416 2040 NOTIS
439 1993 594 2040 suenonis
617 1993 968 2052 PHILOSOPHOUMENON,
991 1994 1106 2042 UTRUM

445 2088 652 2136 GONVENIANT
675 2088 914 2137 TERTULLIANO.

2 2386 3 2397 χ
138 2297 175 2380 l.
205 2317 242 2380 Ι.
277 2296 539 2376 Tertullianus
568 2299 640 2375 luit
669 2298 818 2399 quidem
846 2301 1058 2400 praestantis
1087 2303 1243 2404 ingenii;

87 2436 326 2538 disputatur
342 2437 467 2510 tamen
485 2438 613 2512 utrum
636 2457 774 2534 magna
794 2434 1001 2511 eruditione
1018 2436 1172 2536 polleret
1192 2441 1242 2536 (ε).

90 2568 189 2655 Quae
222 2570 362 2643 autem
392 2567 570 2666 praedicat
599 2568 846 2645 incussos
865 2570 1086 2647 Lirinensis
1116 2575 1167 2671 (3),
1199 2598 1245 2648 ex
1300 2603 1305 2616 ·

90 2705 214 2782 nimia
233 2702 530 2802 exaggeratione
543 2727 617 2804 qua
631 2703 700 2779 hoo
717 2703 797 2780 looo
814 2703 942 2779 laudat
956 2703 1242 2795 Tertullianum,

89 2839 184 2914 satis
205 2839 391 2937 suspecta
408 2839 506 2913 sunt.
524 2837 698 2914 Ceterum
716 2862 761 2913 ex
779 2836 989 2914 nominibus
1006 2863 1132 2914 eorum
1153 2865 1244 2940 quos

1 3027 2 3066 1
90 2971 142 3046 ibi
175 2970 281 3046 citat
309 2971 501 3069 tarn'quam
530 2993 553 3045 a
584 2968 813 3046 Tertulliano
843 2969 1042 3060 refutatae,
1074 2972 1244 3049 oonoludi

91 3106 220 3203 potest
244 3097 358 3176 illum
379 3098 546 3177 alludere
566 3102 613 3179 ad
635 3127 748 3204 opera
770 3102 991 3181 Tertulliani
1014 3131 1097 3207 quoe
1120 3108 1242 3185 adhue

2 3282 3 3291 κ
91 3236 326 3338 supersunt,
362 3259 435 3310 non
469 3236 532 3311 ad
550 3236 757 3338 deperdita,
793 3241 830 3313 et
863 3237 948 3314 inde
981 3239 1102 3316 solinu
1135 3241 1241 3317 effor-

92 3391 222 3444 masse
244 3390 358 3441 suum
372 3366 556 3466 judicium
578 3399 585 3444 :
601 3371 682 3471 Jam
699 3394 787 3447 vero
806 3369 936 3446 inillis
954 3356 1125 3475 operibus
1143 3382 1242 3454 oerte

93 3527 170 3578 non
193 3503 308 3577 tanta
330 3504 485 3601 apparet
505 3503 664 3580 eruditio
686 3509 863 3606 quantam
885 3504 947 3582 hio
968 3507 1128 3586 celebrat
1151 3510 1240 3587 Vin-

3 3694 4 3709 ,
94 3637 262 3713 centius.
316 3670 321 3678 ·

146 3805 186 3885 2.
209 3821 268 3886 11.
292 3836 331 3885 a.
354 3806 646 3908 Descriptionem
668 3809 837 3912 opusculi
860 3815 990 3889 eontra
1013 3809 1172 3891 haereses
1193 3815 1240 3892 ab

1 4038 3 4067 ἲ
97 3945 257 4018 auctore
288 3941 428 4018 Pullos,
462 3942 613 4020 indicati
648 3943 822 4046 opinatur
855 3944 1000 4024 Cauros
1030 3950 1067 4047 (4)
1101 3947 1239 4048 optime

130 4209 161 4270 (ι)
172 4205 217 4257 De
230 4203 401 4256 Tertulliano
410 4205 511 4258 videsis
527 4205 654 4260 Luurnn.
689 4208 851 4275 inAppeud.
865 4211 890 4261 F
903 4209 974 4276 (pag.
988 4205 1092 4276 4845).

3 4339 4 4367 p
101 4295 186 4360 Cujus
199 4294 423 4346 dissertationem
436 4295 552 4347 inseruit
565 4297 658 4362 Migno
724 4301 753 4363 (a)
764 4299 872 4350 videsis
883 4299 1011 4364 Lumper.

3 4402 4 4410 ¹
102 4384 132 4435 P.
152 4385 186 4436 L.
205 4386 228 4434 t.
247 4384 268 4435 1.
287 4399 314 4449 p.
332 4385 372 4435 85.
393 4412 420 4422 -
434 4385 577 4450 Praecipua
591 4387 660 4438 veta
725 4389 755 4453 (a)
767 4389 840 4440 Test.
853 4390 884 4440 4.

4 4474 6 4497 l
102 4490 162 4526 rum
175 4475 212 4526 de
230 4487 262 4526 oo
274 4476 431 4529 testimonia
447 4477 564 4529 collecta
576 4478 660 4530 habes
727 4482 755 4542 (4)
767 4477 879 4541 Etudes,
892 4481 943 4530 etc.
957 4492 984 4543 p.
999 4480 1053 4532 119.
