3132 5140
644 1101 878 1212 uapur
908 1101 1030 1180 vri.

266 1362 396 1417 UTRUM
418 1353 777 1417 PHILOSOI'HOIllllENh
803 1361 925 1415 'lilioli
953 1361 1103 1416 POSSINT
1128 1358 1346 1414 Noverlexo
1371 1356 1434 1431 ().

321 1897 351 1978 l·
370 1897 571 1999 Praecipua
584 1897 859 1998 argumentatio
880 1898 924 1972 P.
947 1899 1168 1975 haeresium
1187 1896 1224 1971 in
1240 1895 1312 1971 hoc
1330 1921 1428 1970 ver-

268 2037 387 2119 satur,
409 2035 451 2108 ut
472 2032 601 2133 probet
618 2032 781 2110 schisma
799 2031 912 2118 istud,
932 2031 991 2107 cui
1019 2055 1058 2108 se
1084 2029 1278 2134 praefuisse
1297 2027 1427 2128 signi-

299 2335 307 2392 t
311 2333 331 2401 1)
344 2333 384 2386 De
394 2334 547 2387 Novatiano
555 2335 614 2385 haec
625 2335 708 2386 habal
716 2335 821 2386 a·H1s-
856 2337 939 2398 pirum
952 2335 1037 2385 seculi
1047 2335 1090 2401 (P.
1105 2335 1136 2385 L.
1156 2335 1175 2385 t.
1189 2335 1267 2386 XIII.
1281 2348 1308 2398 p.
1328 2334 1420 2396 1062).

268 2445 396 2485 nourrius
416 2431 456 2484 De
475 2436 541 2484 ciris
558 2435 659 2484 illustr.
683 2447 742 2498 cap.
764 2435 819 2485 70:
855 2462 887 2471 -
909 2433 942 2485 d.
970 2434 1126 2487 Oosnumus
1149 2434 1176 2487 S.
1203 2435 1235 2487 P.
1259 2433 1348 2498 Epist.
1377 2433 1422 2482 ad

268 2522 471 2583 *Novatianus
493 2523 627 2574 Romanae
646 2522 724 2573 urbis
743 2525 819 2587 pree·
854 2521 970 2572 Fabium
996 2523 1200 2575 Antiochorum
1222 2522 1281 2586 (ap.
1308 2519 1418 2571 Eusun.

267 2635 279 2654 n
293 2613 381 2677 hyter,
398 2613 531 2664 adversus
552 2613 710 2666 Cornelium
730 2615 821 2665 cathe-
855 2612 892 2665 Η.
911 2611 945 2665 Ε.
963 2613 1008 2666 VI.
1028 2615 1069 2666 la.
1089 2615 1121 2665 P.
1142 2615 1174 2667 G.
1188 2617 1207 2667 t.
1221 2613 1282 2666 XX.
1301 2627 1326 2676 p.
1351 2612 1420 2672 623)

266 2725 278 2743 n
292 2702 370 2756 dram
389 2705 589 2756 sacerdotalem
610 2707 725 2757 conatus
746 2705 820 2756 inva-
854 2706 937 2756 refert
966 2717 1029 2756 eum
1057 2705 1148 2756 adhuc
1182 2705 1417 2756 catechumenum

201 2771 204 2782 ¹
265 2815 277 2832 υ
291 2792 366 2854 dere,
389 2793 614 2856 Noratisnorum,
638 2796 710 2870 qnod
730 2808 819 2861 graece
852 2795 927 2861 gravi
940 2797 1037 2847 morbo
1057 2797 1226 2861 correptum,
1247 2793 1418 2844 clinicorum

266 2890 391 2944 adicitur
406 2887 531 2958 naseam,
550 2894 650 2958 dogma
667 2892 818 2954 eonstItuit,
854 2891 989 2956 baptismo
1003 2891 1088 2943 luisse
1100 2891 1253 2954 initiatum
1266 2889 1418 2954 praeterea,

265 3009 277 3027 n
292 2985 389 3039 nolens
408 2989 547 3054 apostatas
571 2989 711 3054 suscipere
730 2989 815 3054 poeul·
853 2989 958 3052 postea,
966 2991 1062 3040 exorta
1074 2988 1266 3054 persecutione
1276 2986 1417 3046 Deciana,

261 3076 277 3118 '··
291 3077 388 3129 tentes.
407 3078 496 3142 Hm'ue
515 3079 611 3130 auctor
627 3078 748 3129 Novatus
765 3077 815 3143 Gy·
852 3091 995 3130 recusasse
1023 3077 1114 3130 officio
1149 3091 1199 3130 suo
1227 3075 1416 3143 presbyterali

265 3167 380 3232 -priani
414 3171 558 3235 presbyter
597 3169 656 3220 ruit.
701 3169 818 3234 Scripsit
851 3169 940 3236 iungi,
966 3171 1039 3221 metu
1064 3168 1188 3236 periculi.
1207 3195 1238 3204 —
1257 3167 1298 3218 En
1317 3166 1419 3217 omnia

264 3277 276 3298 υ
289 3258 381 3309 eutem
399 3258 433 3311 de
448 3258 566 3318 Pascha,
583 3259 617 3310 de
635 3257 764 3320 Sabbato,
784 3259 817 3310 de
856 3273 917 3323 quae
927 3259 961 3311 de
974 3259 1128 3311 Novatiano
1143 3259 1268 3311 novimus
1279 3257 1341 3307 ante
1351 3257 1418 3318 ejus

264 3369 276 3388 ν
290 3345 522 3405 circumcisione,
546 3346 580 3399 de
602 3346 759 3408 Sacerdote,
784 3348 818 3400 de
851 3349 982 3402 schisma.
997 3349 1038 3400 De
1050 3350 1085 3400 ils
1097 3350 1190 3401 autem
1203 3363 1263 3413 quaa
1280 3349 1309 3398 in
1320 3345 1415 3396 schis-

265 3460 277 3476 υ
291 3435 432 3500 Oratione,
445 3438 479 3490 da
491 3437 566 3489 cibis
577 3438 712 3500 Iudaicis,
723 3440 756 3491 de
768 3441 814 3491 In·
851 3443 923 3493 mate
936 3441 992 3508 egit
1002 3441 1070 3492 satis
1083 3444 1144 3493 luae
1154 3442 1273 3494 habetur
1283 3441 1311 3490 ln
1321 3439 1414 3503 Epist.

265 3556 277 3576 κ
291 3533 401 3596 stantia,
422 3534 456 3585 de
477 3533 578 3596 Attalo,
598 3535 738 3599 multaque
755 3535 819 3596 alla,
855 3537 975 3589 Cornelii
986 3538 1066 3589 modo
1079 3537 1164 3588 citata
1173 3539 1202 3590 at
1211 3549 1239 3589 c.
1248 3537 1277 3588 in
1286 3533 1417 3600 epistolis

265 3651 277 3670 n
291 3629 318 3678 et
340 3628 375 3680 de
394 3627 529 3680 Trinitata
551 3630 657 3695 grande
680 3624 821 3692 columen,
855 3631 997 3684 crearem.
1020 3659 1052 3670 -
1073 3632 1199 3696 Denique
1217 3629 1247 3694 f.
1269 3632 1416 3685 soonerss

266 3745 277 3766 ν
291 3725 369 3789 quasi
389 3717 519 3791 ἒπιτομῆν
541 3725 632 3790 operis
652 3725 815 3778 Tertulliani
851 3727 896 3790 (Η.
918 3727 952 3780 Ε.
973 3727 1017 3779 IV.
1040 3730 1079 3779 28.
1100 3729 1133 3780 P.
1157 3729 1189 3780 G.
1214 3731 1233 3780 t.
1251 3727 1360 3780 LXVII.
1382 3745 1412 3794 p.

263 3844 275 3862 n
289 3822 402 3884 iaciens,
422 3823 495 3885 quod
510 3823 637 3888 plerique
653 3825 818 3888 nescientes,
853 3827 910 3891 537)
939 3828 978 3878 ait
1006 3841 1069 3878 eum
1097 3827 1230 3892 martyrio
1253 3826 1353 3878 obiisse
1382 3829 1414 3880 in

264 3933 276 3951 w
291 3911 421 3976 Cypriani
444 3912 602 3964 existimant
631 3937 642 3958 n
669 3915 715 3978 (P.
735 3915 766 3966 L.
797 3917 816 3968 t.
852 3916 1215 3981 persecutioneValerIani:
1233 3916 1414 3980 quodiamen

262 4008 366 4060 XXIII.
380 4024 406 4075 p.
420 4011 486 4073 681).
506 4037 538 4047 -
550 4007 582 4062 d.
594 4010 816 4064 Punosronorus
852 4027 907 4065 non
919 4014 953 4064 ab
966 4013 1095 4064 omnibus
1106 4013 1270 4064 admittitur.
1284 4013 1412 4064 -Vide-

260 4097 330 4148 dicii
340 4099 523 4151 Novatlanum
543 4113 558 4152 e
576 4099 718 4167 Phrygum
735 4105 817 4168 geute
851 4103 889 4154 sis
901 4117 962 4167 quae
980 4103 1013 4154 de
1030 4103 1184 4154 Novatiano
1201 4103 1313 4155 disserit
1330 4102 1412 4156 Lou-

260 4201 321 4240 esse
332 4189 479 4241 ortuudum
491 4189 538 4255 (Η.
549 4189 583 4242 E.
594 4189 670 4242 VIII.
684 4193 722 4243 15.
737 4193 770 4244 P.
783 4193 815 4245 G.
852 4207 914 4254 aas,
928 4192 968 4244 Dc
978 4195 1070 4256 scapi.
1085 4189 1147 4243 PP.
1162 4193 1180 4244 t.
1195 4190 1243 4272 iil.
1258 4189 1338 4242 Hane
1353 4192 1412 4242 dis-

259 4285 817 4357 t.laxasses).—c.Prcnaos(np.a.
853 4289 1031 4342 sartationem
1059 4288 1179 4341 Inseruit
1202 4287 1295 4354 Migue
1318 4288 1350 4338 P.
1378 4289 1411 4340 L.

258 4376 293 4427 ad
322 4377 427 4444 Sympl
454 4381 538 4432 tradit
565 4395 643 4445 eum,
669 4383 817 4446 antequam
850 4382 871 4433 t.
886 4379 936 4433 III.
952 4394 978 4445 p.
992 4380 1049 4431 861.

259 4468 369 4520 Christo
379 4483 477 4522 nomen
508 4464 577 4534 siet,
591 4472 676 4526 luisse
688 4472 811 4538 philoso-
