3170 5134
724 1098 968 1184 CAPUT
1001 1098 1074 1180 II.

469 1381 515 1434 DE
537 1381 679 1437 INDlCllS
700 1383 833 1447 QUIBUS
853 1385 1006 1440 AGNOSCI
1026 1385 1173 1441 AUCTOR
1193 1385 1326 1440 POSSIT.

375 1835 409 1918 l.
434 1854 466 1920 1.
493 1839 602 1930 Quod
634 1843 769 1921 attinet
798 1844 846 1922 ad
873 1845 1012 1921 indicia
1037 1858 1213 1935 caterno,
1241 1848 1361 1924 exiis
1393 1876 1485 1951 quae

231 2025 240 2047 t
326 1976 511 2078 superiori
529 1977 651 2080 capite
669 1982 706 2078 (1)
725 1981 902 2070 vidimus,
923 1980 1015 2057 satis
1032 1979 1159 2081 colligi
1173 1984 1295 2084 potest
1311 1982 1378 2058 vix
1396 1984 1485 2061 ulla

323 2111 464 2188 adesse.
487 2113 618 2214 Neque
635 2115 736 2192 enim
754 2116 1053 2206 Tnnononsrua
1073 2117 1163 2192 dum
1185 2115 1230 2194 ea
1251 2116 1365 2194 refert
1386 2144 1481 2221 quae

326 2271 372 2322 ex
386 2246 481 2324 libro
495 2247 639 2326 decimo
653 2253 1051 2348 Plu'loeophoumenoa
1065 2252 1293 2354 excerpsisse
1305 2253 1478 2342 videtur,

250 2403 254 2412 ·
325 2381 473 2484 uspiam
506 2384 552 2460 de
585 2389 738 2464 auctore
776 2411 906 2464 eorum
944 2386 1149 2488 quidquam
1183 2385 1307 2463 innuit
1339 2390 1396 2486 (2);
1441 2394 1480 2466 et

327 2521 513 2609 Puerum,
549 2520 639 2598 dum
673 2524 959 2619 Lobprr'otlmm
987 2522 1176 2611 describit,
1209 2521 1300 2599 satis
1330 2522 1479 2601 indicat

325 2652 438 2754 hujus
456 2654 625 2756 opusculi
651 2661 843 2735 auctorem
867 2658 1052 2736 incertum
1074 2683 1166 2734 esse.
1189 2656 1350 2736 Restant
1368 2683 1477 2758 quae-

323 2787 411 2864 dam
439 2811 463 2866 a
487 2788 653 2868 librariis
682 2793 746 2893 qui
774 2819 868 2896 opus
890 2795 1168 2896 descripserunt
1191 2793 1346 2895 adjectae
1370 2799 1478 2872 notae

325 2944 409 3022 quae
427 2919 628 3022 Origenem
647 2930 839 3005 auctorem
857 2929 937 3029 ejus
956 2928 1100 3005 faciunt
1120 2957 1127 3004 :
1151 2928 1197 3004 de
1218 2927 1352 3030 quibus
1370 2927 1475 3006 dicc-

322 3071 407 3130 mus
425 3053 558 3158 Capite
576 3060 757 3161 sequenti.

373 3223 409 3305 2.
426 3240 480 3304 11.
505 3231 669 3322 laterna
690 3235 817 3308 autem
840 3231 1013 3333 quaedam
1030 3229 1170 3307 indicia
1188 3230 1236 3306 ad
1259 3229 1473 3330 inquisitio-

322 3381 407 3436 nem
438 3366 607 3440 nostram
633 3363 771 3465 juvare
799 3369 968 3466 possunt.
1003 3364 1152 3441 Etenim
1182 3388 1227 3438 ex
1253 3363 1333 3464 ipso
1356 3389 1472 3466 opere

321 3500 515 3596 sequentes
539 3497 753 3601 colligimus
778 3503 885 3577 notas
909 3497 1045 3600 quibus
1070 3501 1263 3576 auctorem
1294 3497 1471 3598 insigniri

322 3657 470 3709 necesse
487 3637 544 3710 est
564 3664 571 3710 :

351 3931 381 3997 (ι)
394 3933 454 3984 ΝΝ.
468 3933 492 3992 2,
506 3933 529 3984 3.
912 3957 923 3976 n
937 3931 1047 3996 collegi
1064 3931 1217 3982 Iustino...
1240 3933 1267 3982 et
1284 3930 1421 3982 Irenaeo...
1443 3937 1471 3982 et

351 4033 381 4084 ir)
396 4027 431 4078 Et
447 4028 491 4078 vix
511 4026 660 4092 quidquam
672 4030 770 4091 jnrara
787 4029 876 4092 potest
910 4049 923 4068 r·
937 4025 1107 4078 Clemente...
1122 4026 1149 4076 et
1161 4024 1280 4090 Origene
1292 4027 1320 4076 et
1336 4025 1469 4086 Eusebio,

318 4116 449 4168 indicatio
469 4117 607 4181 generalis
627 4133 688 4182 queo
708 4119 825 4170 habetur
845 4117 873 4168 iu
908 4139 920 4158 υ
933 4119 992 4168 tum
1013 4116 1174 4176 PalaesIIna
1199 4117 1256 4167 tum
1278 4115 1422 4179 Phoenice,
1441 4122 1469 4168 et

316 4207 482 4258 Theorloreti
491 4207 875 4273 praefati0neseuopistolaarl
910 4231 922 4250 n
936 4207 1110 4268 adamantio,
1121 4207 1148 4256 ot
1158 4206 1303 4267 Rhodone,
1316 4207 1343 4257 et
1354 4205 1428 4268 Tite,
1441 4211 1469 4259 et

316 4297 477 4362 Spartacium
495 4299 571 4349 cii-oa
592 4301 638 4350 ssn.
656 4301 702 4350 Ait
718 4299 868 4350 nimirum:
907 4322 920 4340 ν·
934 4297 1067 4356 Diodoro,
1089 4299 1116 4348 et
1137 4296 1266 4362 Georgia
1287 4298 1315 4348 et
1334 4298 1398 4348 altis
1419 4300 1467 4362 qui

317 4407 329 4428 a
343 4387 526 4452 Antiquarum
538 4404 622 4454 porro
634 4390 781 4441 haeresium
794 4391 870 4440 sabu-
905 4412 917 4430 n
931 4388 1044 4453 liuguae
1063 4402 1128 4438 suas
1146 4390 1243 4438 contre
1259 4387 1407 4439 falsitatem
1422 4377 1466 4438 ar-

316 4499 328 4522 n
341 4477 383 4530 las
396 4493 428 4530 ex
440 4480 560 4543 antiquis
571 4480 694 4534 eeclesiae
709 4480 868 4532 doctoribus
888 4473 915 4524 'n
931 4481 1040 4530 merant
1050 4501 1062 4522 n
1077 4477 1185 4541 (ΡΜ.
1195 4477 1350 4530 LXXXIII.
1360 4493 1387 4543 p.
1397 4480 1465 4540 339).
