3180 5134
270 431 271 434 ’
347 435 384 494 la
833 453 952 499 111611.
975 440 1029 496 G(

346 619 499 676 Sardiniae.
514 620 657 688 Tempore
670 619 770 675 autem
785 619 896 689 elapso,
912 605 980 676 cum
993 617 1043 676 elii
1057 618 1119 674 illic
1133 617 1232 674 666611
1245 618 1406 686 martyres,
1419 618 1487 672 llar-

346 719 393 773 cia
405 717 508 773 volens
525 716 639 772 lacinus
659 717 778 786 aliquod
798 716 908 773 bonum
929 719 1037 783 secere,
1059 716 1166 787 quippe
1182 713 1489 784 11166061111161116161

345 816 443 886 pellex
462 815 513 870 Dei
531 829 644 880 amans,
665 815 822 871 arcessivit
838 814 958 870 beatum
977 814 1137 880 Victorem,
1156 813 1206 882 qui
1223 811 1276 868 illo
1292 812 1422 882 tempore
1436 810 1489 880 epi·

346 927 452 984 scopus
466 911 605 969 Ecclesiae
622 912 698 977 erat,
714 912 744 967 61
757 911 966 968 sciscitabatur
977 909 1098 981 quinam
1112 911 1141 966 in
1156 910 1292 966 Sardinia
1309 908 1405 965 essent
1417 921 1488 962 mar-

345 1011 437 1081 tyres.
453 1013 481 1066 Ι6
494 1011 594 1066 autem
608 1023 676 1066 cum
687 1009 819 1064 omnium
835 1009 953 1065 nomina
968 1008 1111 1074 traderet,
1127 1007 1240 1064 Callisti
1252 1022 1311 1062 non
1324 1005 1411 1072 dedit,
1425 1005 1488 1074 quia

345 1113 429 1168 novit
445 1112 510 1183 eJus
529 1112 662 1168 conatus.
682 1112 797 1167 Marcia
812 1111 904 1182 igitur
922 1125 1043 1182 compos
1060 1109 1139 1166 iacta
1155 1111 1200 1166 sui
1217 1109 1280 1165 voti
1297 1113 1350 1180 per
1365 1111 1487 1165 commo

345 1209 427 1276 dum,
447 1209 626 1266 dimissionis
646 1209 762 1265 litteras
779 1207 831 1264 dat
848 1207 1015 1279 Hyacinthe
1035 1207 1158 1278 spadoni
1177 1206 1295 1264 cuidam
1313 1204 1486 1276 presbytero.

345 1309 395 1378 qui
408 1308 536 1378 acceptis
550 1308 657 1365 litteris
674 1309 704 1364 ln
722 1307 889 1365 Sardiniam
906 1307 1145 1377 transnavigavit
1162 1305 1202 1372 et,
1217 1306 1373 1375 postquam
1386 1317 1432 1360 eas
1448 1301 1487 1356 illi

345 1405 396 1475 qui
405 1405 476 1462 tune
488 1405 631 1474 temporis
645 1405 671 1460 ei
681 1405 771 1461 terrae
785 1406 915 1476 praeerat
929 1406 1063 1473 tradidit,
1077 1404 1190 1460 dimisit
1207 1403 1356 1472 martyres
1371 1401 1486 1470 excepto

346 1503 475 1558 Callisto.
492 1505 518 1557 ls
531 1503 631 1558 autem
645 1517 742 1572 genua
760 1501 882 1560 flectens
902 1503 1130 1573 lacrymansque
1146 1498 1333 1571 supplicabat
1345 1498 1378 1554 ut
1390 1498 1418 1554 et
1430 1497 1486 1566 ipse

344 1599 545 1656 dimissionem
565 1583 721 1669 acciperet.
747 1601 931 1670 Hyacinthus
951 1599 1043 1670 igitur
1062 1599 1199 1669 precibus
1217 1595 1382 1652 commotus
1398 1597 1486 1664 postu·

345 1696 387 1752 lat
401 1697 434 1751 ut
447 1711 557 1765 praeses
571 1691 648 1757 [eum
663 1684 814 1765 dimittati
833 1697 972 1753 dictitans
989 1711 1021 1753 se
1034 1697 1161 1752 altorem
1175 1709 1239 1750 6666
1259 1693 1390 1759 Marciae,
1403 1691 1486 1760 stipu-

344 1793 409 1848 lans
429 1793 456 1848 61
476 1793 682 1860 securitatem
703 1792 753 1848 ille
775 1793 876 1850 autem
899 1808 1059 1866 persuasus
1077 1793 1190 1849 dimisit
1208 1793 1238 1849 61
1258 1790 1417 1848 Callistum.
1436 1788 1485 1854 Qui

344 1903 412 1944 eum
432 1888 558 1953 adesset,
577 1889 678 1944 Victor
698 1889 905 1946 molestissime
925 1889 1038 1946 ferebat
1057 1905 1123 1960 quae
1139 1889 1219 1945 sacta
1237 1889 1338 1952 erant;
1357 1886 1484 1958 quoniam

344 1985 444 2042 autem
458 1985 627 2041 misericors
641 1987 716 2050 erat,
732 1987 867 2056 quietum
886 2003 918 2044 66
930 1989 1042 2056 1611111;
1057 2003 1166 2044 cavens
1179 2001 1251 2043 vero
1264 1986 1403 2056 probraa
1418 1983 1484 2040 mul-

344 2082 383 2138 116
401 2081 535 2138 iacienda
557 2081 626 2152 (non
648 2083 730 2138 enim
749 2083 837 2154 longo
857 2086 1015 2142 intervallo
1034 2085 1158 2142 aberant
1176 2086 1241 2155 ejus
1260 2083 1405 2152 conatus),
1424 2094 1483 2138 cum

343 2179 432 2234 etiam
447 2179 653 2250 carpophorus
672 2180 894 2248 adversaretur,
909 2183 1032 2238 dimittit
1046 2197 1115 2238 eum
1135 2173 1389 2238 commoraturtrm
1403 2176 1482 2242 anui,
1570 2241 1571 2256 ¹

344 2262 467 2332 delinito
477 2277 504 2331 ei
518 2277 670 2333 menstruo
683 2277 782 2347 aliquo
795 2278 833 2334 ad
848 2279 970 2334 victum.
988 2279 1079 2349 CuJ‘us
1092 2279 1160 2349 post
1172 2277 1287 2334 obitum
1299 2275 1481 2346 zephyrinus,
1570 2279 1571 2312 i

344 2373 520 2430 consecutus
534 2389 601 2429 eum
616 2375 728 2432 socium
750 2374 781 2431 61
799 2375 970 2432 ministrum
983 2376 1020 2432 ad
1036 2375 1258 2446 reprimendum
1272 2374 1394 2438 elerum,
1408 2383 1483 2427 orna·

343 2470 388 2526 vit
406 2485 474 2525 eum
488 2483 542 2526 suo
555 2469 673 2536 damno,
687 2471 719 2527 et
737 2472 824 2528 Antio
838 2471 1011 2528 traductum
1025 2473 1054 2528 in
1069 2472 1240 2544 coemeterio
1254 2469 1416 2528 constituit.
1437 2466 1482 2524 cui
1570 2467 1571 2527 l

343 2580 409 2622 eum
425 2580 541 2636 semper
554 2567 670 2622 adesset
683 2568 724 2635 61,
739 2567 817 2624 sicut
832 2569 921 2624 modo
937 2570 1026 2626 antea
1038 2569 1110 2636 dixi,
1126 2568 1265 2625 simulate
1283 2583 1352 2635 eum
1369 2567 1480 2629 coleret,

342 2660 470 2730 perdidit
479 2661 578 2716 virum
592 2662 642 2730 qui
653 2676 747 2738 neque
758 2662 838 2719 dieta
847 2663 985 2732 judicare
998 2664 1125 2735 poterat,
1141 2679 1235 2734 neque
1249 2665 1361 2721 Callisti
1372 2661 1481 2722 insidias

343 2757 498 2822 sentiebat,
510 2757 616 2827 quippe
625 2757 676 2827 qui
686 2759 787 2814 omnia
797 2774 869 2815 cum
884 2774 918 2816 eo
929 2760 1153 2830 colloquebatur
1165 2775 1232 2831 quae
1244 2762 1288 2817 illi
1298 2761 1384 2831 grata
1395 2759 1480 2815 erant.

343 2853 389 2910 Sic
403 2855 470 2923 post
482 2854 637 2924 zephyrini
652 2855 766 2912 obitum
781 2856 947 2913 arbitratus
967 2872 1001 2912 66
1012 2871 1076 2913 esse
1090 2857 1210 2913 nactum
1227 2856 1305 2927 quod
1319 2855 1481 2917 venabatur,

342 2949 500 3006 Sabellium
519 2951 657 3017 extrusit,
675 2952 777 3020 utpote
796 2968 855 3008 non
875 2952 958 3009 16616
972 2953 1158 3020 sentientem,
1179 2954 1349 3010 1111616116
1369 2954 1398 3010 61
1415 2949 1482 3008 arbi-

340 3043 424 3100 trans
438 3059 469 3100 se
482 3045 511 3100 in
525 3045 603 3102 hunc
617 3047 738 3103 modum
757 3048 931 3117 abstergere
945 3064 1031 3120 posse
1050 3050 1286 3107 criminationem
1305 3049 1381 3120 apud
1396 3045 1483 3104 lisele
1569 3111 1570 3128 χ

339 3138 409 3204 sias,
424 3140 507 3209 quasi
525 3155 583 3196 non
596 3140 693 3197 aliena
712 3143 830 3200 sent'at.
850 3146 922 3202 Erat
936 3145 1028 3214 igitur
1042 3144 1244 3216 praestigiator
1260 3133 1343 3203 etad
1359 3143 1482 3202 haudem
1569 3139 1570 3168 ³

340 3235 445 3291 acutus
465 3236 495 3292 61
508 3235 642 3307 tempore
661 3239 840 3309 procedente
856 3241 966 3298 multos
987 3257 1087 3299 secum
1101 3243 1240 3314 abripuit.
1262 3247 1335 3300 cum
1350 3237 1483 3300 autemst

340 3330 423 3388 virus
436 3331 518 3387 cordi
538 3333 659 3390 insitum
673 3336 796 3392 haberet
813 3337 944 3408 nihilque
958 3339 1040 3396 recte
1058 3340 1194 3408 sentiret,
1208 3340 1297 3398 simul
1318 3355 1389 3398 vero
1401 3337 1482 3394 etiam

339 3429 592 3487 verecundaretur
609 3447 682 3488 vera
694 3429 804 3500 dicere,
820 3436 981 3506 propterea
995 3437 1072 3508 quod
1086 3451 1188 3494 coram
1201 3438 1310 3510 populo
1323 3437 1405 3496 nobis
1422 3447 1482 3492 con·

339 3526 452 3584 vicians
471 3526 607 3584 dicebat:
624 3528 716 3586 dithei
729 3531 812 3597 66116,
827 3546 933 3589 verum
954 3533 1046 3590 etiam
1065 3535 1223 3605 propterea
1241 3535 1320 3606 quod
1334 3549 1353 3591 a
1366 3530 1481 3590 Sabellio

339 3627 524 3684 continenter
545 3629 752 3698 accusabatur,
773 3633 925 3702 tamquam
948 3634 1075 3704 primam
1096 3634 1185 3691 iidem
1205 3635 1389 3707 migraverit,
1409 3631 1481 3689 edin·

338 3726 419 3781 venit
440 3725 531 3782 talem
553 3727 711 3796 quamdam
734 3729 873 3798 haeresin,
891 3715 1000 3788 ‘dicens
1020 3734 1133 3804 Legum
1158 3734 1254 3804 ipsum
1282 3746 1346 3792 esse
1372 3731 1479 3790 Filium.

338 3821 472 3876 eumdem
488 3822 578 3879 etiam
592 3825 711 3881 Patrem
725 3827 844 3882 nomine
862 3828 981 3898 quidem
996 3831 1145 3898 vocatum,
1160 3845 1268 3887 revera
1280 3831 1379 3886 autem
1398 3837 1480 3883 unum

338 3937 402 3978 6666
423 3923 564 3993 Spiritum
584 3925 762 3992 indivisum;
787 3943 845 3983 non
866 3919 945 3984 aliud
966 3943 1030 3986 6666
1048 3930 1182 3997 Patrem,
1199 3929 1279 3986 aliud
1298 3929 1413 3995 Filium,
1434 3921 1479 3982 sed

338 4035 430 4077 unum
445 4023 475 4078 et
487 4022 565 4078 idem
579 4039 653 4090 6666,
669 4026 826 4097 omniaque
839 4042 904 4084 6666
917 4027 1032 4099 repleta
1046 4028 1144 4084 divino
1162 4030 1272 4099 Spiritu
1287 4003 1324 4086 ³et
1337 4025 1479 4098 superiora

337 4119 367 4174 et
387 4119 538 4186 interiora,
561 4121 761 4192 Spiritumque
787 4125 817 4179 in
835 4125 956 4195 Virgine
975 4139 1065 4181 carne
1087 4125 1224 4183 indutum
1243 4141 1302 4183 non
1322 4141 1386 4182 6666
1407 4119 1477 4178 allud
1568 4101 1569 4180 1

338 4216 427 4285 atque
442 4217 573 4286 Patrem,
595 4219 646 4275 sed
666 4235 757 4276 11111111
771 4221 916 4292 idemque.
934 4223 970 4278 Et
987 4223 1044 4279 hoc
1057 4237 1121 4280 6666
1141 4223 1170 4279 id
1191 4223 1268 4294 quod
1288 4224 1398 4281 dictum
1417 4220 1475 4276 est:
1568 4185 1569 4223 ¹

338 4319 410 4373 Non
437 4319 554 4376 credis
579 4321 663 4389 quia
687 4336 751 4392 ego
775 4323 809 4378 in
836 4325 943 4380 Patre
969 4325 1004 4380 61
1029 4325 1136 4394 Ρ6161
1164 4326 1200 4381 11
1225 4339 1278 4382 me
1310 4326 1383 4382 6611
1413 4318 1477 4376 lisi·

338 4415 396 4472 bile
417 4417 504 4480 enim,
519 4417 595 4486 quod
615 4419 731 4487 quidem
750 4422 795 4475 661
814 4421 915 4486 homo,
937 4422 1040 4477 Filium
1062 4437 1137 4488 esse,
1155 4422 1297 4490 Spiritum
1311 4423 1417 4480 autern.
1431 4419 1474 4486 qut
