3132 5140
214 433 334 480 encore.
360 433 389 478 ιι.
413 433 576 482 ιιιιιοιιιιιιε
596 433 813 480 coureoveesm
832 434 1018 482 consuimus.
1136 422 1195 482 255

67 595 189 672 ·forte
213 618 454 697 suppressum
477 593 527 670 sit
551 595 598 671 ab
621 595 675 672 eis
701 596 765 697 qui
788 595 858 673 hoc
886 620 1013 673 errore
1035 597 1195 674 nimium

67 765 78 780 ·
97 729 265 806 delectati
284 732 425 806 suntet
449 731 554 806 tanto
572 728 677 807 velut
693 731 901 832 patrocinio
924 755 1052 808 carere
1069 731 1195 809 nolue

66 902 78 920 η
98 869 192 941 runi.
217 902 232 930 v
255 864 509 966 Hieronymus
528 889 631 953 vero,
647 865 737 940 dum
754 865 960 967 episcopos
980 857 1044 966 qui
1063 867 1193 968 rebap-

63 999 217 1077 tizandos
249 998 443 1076 haereticos
472 1023 559 1074 cum
589 1023 631 1074 eo
663 1001 890 1088 statuerant,
922 999 968 1075 ad
999 998 1194 1100 antiquam

64 1122 355 1200 consuetudinem
389 1121 577 1198 revolutos
604 1147 684 1198 esse
709 1126 746 1199 et
771 1147 911 1199 novum
937 1122 1104 1199 emisisse
1134 1123 1194 1200 de-

65 1261 196 1332 cretum
217 1259 378 1332 testatur
403 1258 457 1354 (i),
485 1255 524 1331 in
550 1255 686 1332 horum
714 1280 869 1333 numero
895 1257 1014 1358 neque
1037 1256 1195 1358 Cypria·

65 1418 143 1469 num
173 1417 291 1495 neque
321 1393 435 1469 etiarn
461 1379 652 1495 episcopos
682 1392 794 1468 Afros
819 1392 956 1469 diserte
979 1369 1119 1470 indicat
1149 1397 1196 1492 (et

65 1527 200 1627 quidem
225 1528 295 1604 hoc
321 1552 450 1604 eorum
482 1527 687 1616 decretum,
708 1528 739 1603 si
761 1527 958 1618 extitisset,
983 1530 1195 1630 Augustino

65 1660 224 1761 ignotum
250 1663 421 1740 futurum
438 1661 555 1738 fuisse
572 1665 640 1739 aut
664 1667 796 1738 contra
815 1662 1032 1773 Donatistos
1050 1664 1097 1740 ab
1115 1663 1196 1766 ipso

65 1796 319 1886 concitatum,
346 1796 413 1872 vix
439 1795 615 1872 credibile
639 1799 720 1894 est),
741 1797 803 1873 sed
830 1797 954 1899 potius
971 1797 1123 1874 videtur
1139 1798 1194 1874 in-

65 1926 219 2029 telligere
246 1929 472 2018 OrientaleS‚
496 1954 588 2031 quos
617 1955 658 2006 re
679 1955 770 2008 vera
791 1957 815 2008 a
838 1932 955 2034 priori
983 1958 1068 2009 cum
1092 1933 1195 2010 Afris

63 2065 290 2142 consensione
305 2089 391 2141 mox
406 2065 602 2142 recessisse
615 2065 669 2143 ait
684 2067 907 2144 Cresconius
926 2067 1126 2146 Donatista
1139 2072 1190 2168 (a).

64 2194 187 2275 Restat
204 2199 330 2301 itaque
352 2199 474 2276 solum
491 2199 746 2277 testimonium
765 2201 929 2278 auctoris
946 2200 1034 2277 libri
1057 2205 1192 2278 Verio-

64 2356 145 2408 νιιιιι
162 2337 426 2416 ellectionem
449 2334 513 2436 qui
535 2334 656 2411 editus
679 2339 735 2412 est
756 2337 854 2414 inter
871 2361 985 2438 opera
1002 2336 1116 2414 dubia
1132 2337 1192 2414 vel

64 2467 181 2566 spuria
196 2469 290 2545 Ven.
312 2469 427 2545 Bedae
445 2473 482 2568 (a)
504 2499 511 2545 :
533 2471 641 2570 cujus
659 2471 822 2548 auctoris
841 2472 887 2548 ad
906 2496 1041 2548 manus
1063 2497 1192 2575 perve-

64 2599 150 2677 nisse
166 2604 346 2704 scriptum
364 2603 514 2706 aliquod
532 2604 744 2704 Augustino
770 2610 807 2682 et
825 2606 1058 2708 Hieronymo
1076 2611 1113 2684 et
1130 2632 1192 2683 no-

91 2841 116 2902 ιι)
131 2841 233 2907 osaiae.
255 2846 316 2894 aee.
334 2840 423 2904 neers.
447 2856 473 2894 n.
492 2843 523 2893 23
539 2843 597 2908 (eu.
633 2843 670 2896 n.
689 2819 722 2897 Εἴ
743 2846 803 2898 vu.
826 2849 882 2899 ee.
901 2847 953 2899 cic.
977 2848 1103 2912 Appene.
1125 2862 1189 2914 pag.

64 2939 172 3003 Append.
186 2959 247 3010 pag.
261 2939 312 3008 ru).
633 2937 719 2996 miii
731 2943 878 2994 admodum
891 2944 1023 2994 credibile
1036 2946 1086 2996 est.

91 3031 114 3088 [ιι
134 3031 210 3096 Apud
232 3036 382 3086 Aoousrm.
410 3033 513 3086 Contra
537 3033 598 3085 Cre·
667 3037 697 3097 ie)
716 3033 817 3093 Quaest.
840 3047 855 3082 v
876 3035 944 3084 extr.
960 3057 972 3076 u
987 3033 1016 3085 Si
1038 3035 1110 3084 bone
1130 3048 1191 3098 quea

63 3121 226 3173 secabili.
248 3137 271 3174 c.
294 3124 330 3183 ΙΙ,
351 3124 398 3174 ubi
419 3123 597 3174 cresconium
632 3145 644 3166 e
657 3123 745 3173 nostis
768 3136 817 3187 per
841 3123 1006 3173 charitatem
1027 3122 1191 3186 operamini,

63 3205 212 3272 alloquens:
232 3237 244 3258 u
265 3217 385 3280 iilejores
403 3217 495 3266 autem
515 3217 599 3266 vestri
634 3237 645 3258 ι
660 3215 762 3266 tribuet
781 3215 858 3264 vobis
880 3215 973 3265 divina
995 3216 1094 3279 gratia,
1116 3217 1146 3266 ut
1167 3217 1203 3286 si·

64 3299 134 3362 *leiti
149 3305 246 3366 quibus
261 3306 315 3356 tale
331 3306 520 3356 testimonium
537 3318 596 3370 per-

65 3407 74 3422 ·
87 3388 195 3454 tribuisti,
208 3399 280 3459 qccod
294 3399 326 3447 ab
340 3396 523 3448 Orientalium
533 3413 596 3460 prc-

64 3485 166 3538 ”nterea
187 3491 374 3538 communione
396 3489 505 3538 discreti
533 3487 598 3538 scint

64 3576 141 3630 nqm'a
161 3579 202 3627 ilii
224 3593 307 3630 suum
323 3580 461 3640 iudicium
483 3581 596 3630 rescide-

65 3672 149 3726 κιἰιιιι,
164 3683 214 3730 quo
232 3673 270 3720 eie
283 3661 425 3732 placuerim
437 3673 470 3720 de
486 3674 538 3721 ista
550 3673 595 3720 ba-

64 3759 167 3810 “nieme
187 3763 335 3822 qccaestione
356 3759 496 3822 Cypriane
516 3769 597 3824 eique

64 3842 119 3892 “illi
148 3846 275 3908 Africano
308 3852 418 3900 coneilio
450 3853 596 3900 consentiri

65 3941 201 3999 monere,
220 3947 315 3990 contre
339 3939 513 4003 cyprianum
527 3945 594 4002 sece-

12 4019 14 4028 '
65 4031 142 4074 murt
159 4049 171 4072 e
188 4029 228 4088 [P.
246 4029 278 4080 L.
291 4032 311 4080 t.
329 4029 430 4082 XLIII.
443 4045 470 4095 p.
484 4031 598 4090 496).-

65 4108 130 4166 llanc
150 4123 239 4174 eutem
261 4123 445 4176 Orientalium
469 4125 597 4175 retracta-

63 4197 151 4256 tionem
172 4223 253 4274 opera
272 4211 398 4278 Dionysii
421 4213 599 4264 Alexandrini

65 4300 218 4352 procuratam
235 4317 304 4364 esse,
317 4303 364 4366 qni
380 4303 473 4367 plures
485 4303 520 4352 ed
539 4302 596 4354 Ste-

66 4380 170 4440 phanum
180 4391 386 4445 etsuceessores
397 4394 457 4456 ejus
469 4391 600 4456 epistolae

631 3329 643 3345 w
657 3306 721 3368 quid
741 3305 824 3356 aliter
840 3318 924 3367 quem
940 3305 1019 3356 decet
1036 3305 1143 3369 eapitis,
1164 3307 1191 3356 et

632 3422 642 3438 ·=
658 3399 709 3449 hoc
738 3397 887 3460 aliquando
913 3397 1085 3463 intelligatis.
1114 3397 1192 3449 Sicut

632 3512 644 3528 w
658 3488 738 3539 beato
759 3488 897 3553 cypriano
919 3489 1070 3554 contigisse
1087 3489 1191 3554 perspi-

633 3603 644 3616 ν
657 3593 739 3630 cuum
755 3581 806 3641 esi,
825 3581 871 3643 qui
890 3595 953 3632 curn
974 3581 1032 3630 suis
1049 3580 1190 3644 coepisco·

633 3670 710 3734 «pie,
732 3670 781 3733 qui
801 3673 881 3722 erent
900 3670 929 3721 in
948 3669 1052 3726 Africa,
1072 3670 1190 3733 rebapti-

632 3785 643 3798 ··
657 3761 759 3812 nendos
775 3776 836 3813 esee
854 3761 999 3813 haereticos
1016 3761 1113 3812 conire
1132 3774 1190 3812 me·

632 3872 640 3889 a
658 3865 716 3900 rem
733 3851 865 3902 Ecclesiae
883 3851 988 3902 statuit.
1009 3849 1062 3901 Sed
1079 3849 1145 3912 quie
1161 3849 1190 3901 in

631 3963 642 3976 α
657 3954 707 3990 erro
725 3953 816 4001 seusu,
836 3942 882 4004 qui
901 3941 954 3992 sibi
973 3942 1064 3991 rectu·
1082 3939 1190 3990 videbe-

658 4033 713 4092 tur,
732 4032 811 4083 bonis
830 4033 973 4084 abundare
989 4031 1119 4095 operibus
1131 4031 1189 4080 sin-

633 4147 644 4164 ι
658 4125 727 4184 ιιιιιι,
747 4138 810 4176 mox
825 4124 931 4189 corrigi
944 4123 1044 4174 meruit
1061 4122 1142 4198 eique
1154 4122 1189 4174 ad

635 4235 646 4255 ι
661 4213 844 4264 universalem
865 4215 966 4264 sanctae
978 4211 1111 4262 Ecclesia
1123 4223 1187 4260 nor·

659 4317 732 4353 mam
744 4302 929 4368 spiritualium
942 4302 1064 4351 virorum
1077 4299 1186 4350 institu-

635 4393 736 4444 «tione
762 4393 857 4450 reduci
882 4415 894 4436 υ
921 4393 962 4456 (Ρ.
990 4391 1020 4448 L.
1041 4393 1059 4446 ι.
1088 4389 1186 4448 XCIII.

67 4465 95 4517 de
112 4470 155 4526 ille
175 4482 322 4541 questione
350 4481 461 4547 scripsit
486 4480 608 4550 (nosen
634 4496 660 4546 p.
674 4483 741 4545 458).
