3208 5150
350 429 388 489 98
656 443 726 488 DiSS.
751 443 771 486 1.
795 443 830 486 DE
851 443 920 488 ROM.
943 443 968 487 S·
993 443 1072 488 rami
1094 445 1183 489 EPtSC.

350 616 504 713 spectat,
537 612 668 686 testem
698 609 948 710 antiquiorem
979 634 1053 685 non
1079 611 1304 713 proferimus
1335 610 1500 698 Irenaeo,

349 747 413 849 qui
433 745 581 824 nonnisi
603 745 803 822 centesimo
824 745 974 821 circiter
995 749 1078 848 post
1102 745 1209 822 Petri
1234 747 1378 822 obitum
1397 771 1503 823 anno

349 879 494 968 floruit;
522 879 626 981 isque
651 883 832 981 praeterea
853 905 928 955 non
949 883 1027 956 tam
1051 881 1188 957 diserte
1207 883 1365 957 Petrum
1383 880 1504 957 eccle

348 1016 415 1092 siae
446 1015 631 1094 Romanae
660 1015 875 1117 episcopum
909 1039 1023 1117 quam
1053 1016 1286 1092 conditorem
1320 1015 1459 1091 asserit
1491 1047 1498 1090 :

348 1151 446 1229 uncle
468 1155 595 1253 (quum
623 1177 697 1228 non
720 1151 812 1228 adeo
835 1154 938 1228 certa
961 1151 1011 1229 sit
1034 1155 1126 1229 aetus
1151 1150 1342 1228 Carminis
1364 1151 1504 1226 adver-

348 1314 412 1364 sus
435 1286 678 1384 Mmcionem)
700 1312 819 1387 usque
842 1285 887 1363 ud
914 1286 1113 1388 scriptores
1137 1285 1252 1363 seculi
1279 1285 1380 1362 tertii
1411 1310 1503 1388 pro·

348 1420 591 1522 grediendum
616 1418 723 1496 soret.
745 1419 802 1496 Ea
827 1444 916 1496 vero
940 1445 1024 1521 quae
1042 1419 1239 1497 attulimus
1262 1418 1498 1504 testimonia,

348 1583 392 1634 ac
418 1555 570 1634 traditio
596 1553 821 1630 universalis
851 1558 889 1632 et
909 1558 1085 1632 constans
1108 1547 1414 1655 subsequentium
1441 1579 1503 1629 se-

349 1692 534 1780 culorum,
567 1716 683 1793 quum
706 1690 916 1792 praesertim
942 1690 1091 1767 nullum
1122 1689 1283 1792 alicujus
1313 1692 1501 1771 momenti

348 1830 611 1930 argumentum
635 1825 675 1901 in
698 1829 843 1928 partem
865 1825 1094 1904 contrariam
1117 1825 1313 1912 afferatur,
1338 1824 1392 1900 ita
1414 1851 1502 1901 rem

345 1969 486 2042 certam
505 1961 648 2039 faciunt
669 1966 712 2038 ut
733 1961 881 2038 nullum
897 1963 978 2064 J'am
1002 1963 1165 2065 prudens
1191 1962 1346 2038 dubium
1370 1965 1502 2062 quoad

348 2100 428 2200 ejus
450 2097 647 2174 veritatem
676 2121 869 2198 superesse
894 2097 1012 2199 possit
1037 2127 1044 2172 :
1071 2120 1146 2197 qua
1171 2094 1394 2171 certitudine
1417 2120 1503 2172 ma-

344 2237 465 2338 jorem
492 2259 600 2311 nemo
626 2235 714 2335 jure
740 2234 918 2335 requiret,
946 2233 1059 2312 etiam
1086 2234 1186 2309 circa
1213 2257 1257 2307 ea
1283 2232 1382 2308 facta
1408 2257 1502 2333 quae

347 2371 590 2448 fundamenta
607 2369 692 2447 fidei
712 2373 849 2446 nostrae
866 2370 1094 2448 const'tuere
1112 2368 1282 2444 unanimi
1301 2366 1501 2469 theologo-

346 2528 429 2579 rum
447 2529 630 2580 consensu
648 2505 880 2580 asseruntur.
