3154 5134
444 428 920 486 mmuosmurmmumc
1245 426 1265 482 8

99 613 167 668 quae
181 600 299 656 seriem
314 602 431 668 generis
450 602 594 659 Dominici
613 604 777 662 continent:
790 607 884 662 Marci
898 603 998 661 autem
1019 605 1211 675 Evangelium
1225 621 1263 664 ex
1318 671 1323 680 ,

100 695 281 765 hujusmodi
301 698 455 754 occasione
474 701 619 770 scriptum
638 717 711 760 esse.
733 705 805 760 cum
824 703 932 759 Petrus
951 704 981 758 lu
999 703 1073 758 urhe
1093 706 1187 760 Roma
1201 720 1266 761 ver·

99 793 170 849 hum
192 795 248 850 Dei
265 795 385 864 publice
404 797 605 866 praedicasset,
624 798 655 854 et
672 799 783 868 Spiritu
803 799 910 854 Sancto
928 797 1046 856 adlatus
1070 801 1264 870 Evangelium
1287 848 1289 860 .

99 890 339 960 promulgasset,
353 891 449 958 multi,
465 893 515 962 qui
535 894 669 961 aderant,
684 897 819 950 Marcum
833 894 982 950 adhortati
1004 895 1085 962 suut,
1100 896 1203 964 utpote
1216 898 1266 966 qui

99 988 229 1042 Petrum
239 987 418 1056 Jamdudum
432 991 562 1047 sectatus
576 991 681 1048 luisset
699 992 730 1048 et
742 992 822 1048 dicta
841 992 906 1061 ejus
921 993 1067 1046 memoria
1084 991 1212 1059 teneret,
1231 995 1266 1049 ut

99 1096 167 1152 quae
181 1083 222 1138 ah
235 1084 378 1154 Apostolo
391 1087 552 1154 praedicata
565 1089 651 1146 eraut
665 1090 875 1146 conscriberet.
890 1092 1011 1146 Marcus
1026 1089 1118 1160 igitur
1132 1093 1264 1160 Evange-

99 1179 175 1236 llum
186 1181 360 1253 composuit
362 1225 429 1241 ......
447 1209 460 1232 n
476 1184 511 1257 (1)

144 1351 226 1422 See.
242 1353 318 1420 III.
334 1354 384 1421 ln.
403 1358 438 1421 1.
460 1370 627 1424 Oalcuuas
646 1397 681 1406 —
700 1364 794 1435 osus
815 1368 1033 1422 testimonium
1050 1367 1151 1436 refert
1169 1365 1265 1425 Euse-

99 1460 170 1514 bius
184 1459 229 1516 H.
245 1461 283 1518 E.
301 1465 348 1518 lll.
367 1464 390 1518 l.
407 1485 422 1508 a
437 1464 513 1518 Dum
529 1477 579 1518 res
591 1463 763 1519 ludaeorum
777 1463 833 1519 hoc
852 1464 881 1518 in
905 1464 986 1520 statu
1006 1465 1115 1531 essent,
1133 1469 1264 1536 Apostoli

100 1556 131 1612 et
145 1557 289 1627 discipuli
304 1559 418 1613 Domini
432 1573 468 1614 ac
482 1559 650 1615 servatoris
664 1561 759 1615 nostri
772 1575 826 1630 per
839 1560 1012 1616 universum
1026 1561 1128 1616 orhem
1139 1563 1265 1635 dispersi

101 1653 302 1722 Evangelium
321 1655 533 1723 praedicahaut.
555 1653 592 1711 Et
605 1655 734 1711 Thomas
748 1655 880 1724 quidem,
902 1657 936 1711 ut
955 1670 974 1710 a
993 1656 1155 1726 majoribus
1174 1659 1266 1715 tradi·

100 1749 167 1804 tum
181 1751 365 1821 accepimus,
380 1751 532 1807 Parthiam
545 1752 669 1808 sortitus
680 1751 736 1819 cst,
750 1751 883 1808 Andreas
896 1765 968 1806 vero
983 1752 1145 1821 Scythiam,
1159 1755 1264 1812 loanni

100 1848 172 1902 Asia
185 1848 320 1915 obvenit,
335 1849 385 1917 qui
398 1849 560 1919 plurimum
581 1850 724 1918 temporis
744 1848 773 1903 iu
796 1863 832 1903 ea
849 1849 1063 1918 commoratus
1079 1847 1185 1918 Ephesi
1201 1851 1265 1907 tan·

101 1943 171 1999 dem
185 1945 267 2000 diem
286 1944 368 2001 obiit.
388 1945 426 2000 At
439 1946 546 2002 Petrus
561 1959 614 2015 per
627 1945 766 2012 Pontum,
785 1945 941 2015 Galatiam,
959 1944 1137 2014 Bithyniam,
1154 1949 1263 2017 cappa-

101 2041 224 2100 dociam
250 2044 342 2112 atque
367 2045 467 2100 Asiam
492 2043 603 2100 iudaeis
628 2035 678 2114 qui
704 2046 734 2099 in
766 2043 948 2113 dispersione
974 2044 1060 2099 eraut
1085 2043 1263 2113 praedicasse

101 2141 305 2198 existimatur.
335 2143 389 2208 Qui
412 2143 449 2198 ad
473 2143 642 2200 extremum
664 2145 788 2198 Romam
810 2143 942 2226 veniens,
961 2142 1044 2198 cruci
1066 2143 1192 2200 suffixus
1214 2146 1262 2201 est

101 2245 202 2314 capite
222 2243 363 2299 deorsum
376 2244 506 2300 demisso
522 2263 528 2299 :
544 2243 586 2300 sic
600 2244 679 2299 euim
693 2243 726 2299 ut
745 2243 776 2298 in
789 2257 877 2298 cruce
891 2242 1090 2299 collocaretur
1108 2245 1260 2300 oraverat.

102 2342 144 2396 De
166 2341 262 2397 Paulo
279 2339 427 2410 jamque
442 2341 549 2397 attinet
562 2341 671 2407 dicere,
686 2340 736 2410 qui
749 2340 786 2395 ab
801 2337 1013 2408 Hierosolymis
1032 2353 1125 2408 usque
1142 2338 1180 2394 ad
1194 2339 1262 2409 llly·
1316 2341 1318 2346 “

101 2439 199 2494 licum
219 2453 329 2494 munus
349 2437 534 2508 Evangelicae
547 2437 767 2508 praedicationis
781 2436 927 2507 implevit,
942 2450 977 2492 ao
997 2435 1147 2506 postremo
1160 2438 1262 2492 Romae

102 2533 158 2590 sub
169 2537 288 2592 Nerone
308 2535 454 2604 martyrio
463 2535 638 2603 perfunctus
648 2535 714 2590 esti
728 2535 799 2589 Haec
813 2534 994 2602 origenesin
1008 2533 1098 2589 tertio
1111 2533 1261 2591 volumine

101 2632 324 2700 expositionum
337 2633 368 2686 iu
382 2631 516 2686 Genesim
531 2630 649 2686 disertis
663 2631 762 2686 verbis
775 2630 998 2686 commemorat.
1016 2655 1030 2678 n
1045 2629 1080 2702 (2)

148 2805 193 2871 2.
206 2820 443 2873 Tasrunurnuus
456 2835 490 2876 a.
507 2819 553 2874 De
570 2816 774 2886 Praescript.
790 2829 856 2884 cap.
870 2817 915 2872 36.
930 2837 943 2861 a
957 2816 1099 2885 Agejam,
1114 2817 1164 2886 qui
1178 2817 1261 2875 voles

101 2924 309 2980 curiositatem
325 2922 433 2978 melius
451 2936 593 2978 exercere
605 2922 636 2976 iu
653 2923 771 2992 negotio
789 2921 894 2976 salutis
907 2922 977 2986 tuae,
997 2933 1140 2988 percurre
1159 2918 1258 2975 Eccle-

101 3019 162 3076 sias
177 3018 368 3089 apostolicas,
389 3018 466 3088 apud
490 3031 563 3087 quas
583 3018 655 3088 ipsae
678 3017 774 3072 adhuc
797 3016 946 3073 cathedrae
966 3014 1176 3084 Apostolorum
1196 3016 1259 3070 suis

103 3119 179 3176 locis
197 3119 391 3189 praesideut...
410 3119 439 3174 Si
457 3119 557 3173 autem
576 3118 669 3173 ltaliae
686 3117 816 3186 adJaces,
830 3115 921 3171 hahes
934 3117 1070 3180 Romam,
1084 3114 1162 3169 uude
1176 3113 1261 3170 uobis

101 3231 222 3286 quoque
232 3215 395 3271 auctoritas
408 3216 518 3284 praesto
532 3215 588 3271 est.
604 3215 663 3270 Ista
676 3229 765 3284 quam
779 3213 850 3268 felix
863 3211 1016 3268 Ecclesiai'
1026 3209 1073 3266 cui
1086 3210 1180 3266 totam
1191 3209 1260 3265 doc-

100 3315 214 3370 trinam
232 3313 365 3384 Apostoli
384 3327 452 3368 cum
469 3312 612 3382 sanguiue
631 3326 685 3367 suo
700 3309 911 3380 prohoemia
930 3308 981 3364 uhi
1004 3307 1112 3363 Petrus
1128 3306 1259 3376 passioni

101 3413 263 3468 Dominicae
276 3411 450 3481 adaequatur
453 3454 507 3468 .....
525 3435 539 3458 n
553 3410 589 3482 (a)

137 3533 170 3588 h.
184 3531 362 3602 Scorpiac.
382 3545 448 3600 cop.
472 3529 513 3585 15.
528 3551 542 3575 u
557 3527 708 3583 Orientem
723 3527 811 3582 fldem
825 3528 927 3581 Romae
940 3524 1053 3594 primus
1064 3523 1142 3578 Nero
1154 3534 1257 3576 crucu-

101 3641 187 3697 tavit.
208 3641 289 3694 Tunc
303 3637 410 3694 Petrus
423 3635 460 3692 ab
470 3633 566 3690 altero
579 3633 719 3702 cingitur,
735 3647 804 3688 cum
814 3633 896 3688 cruci
909 3629 1115 3698 adstringitur.
1129 3653 1143 3676 n
1158 3627 1192 3700 (s)

137 3784 167 3823 c.
179 3767 226 3822 De
244 3763 422 3833 Baptismo
442 3775 509 3830 cap.
522 3761 549 3815 l.
563 3781 576 3804 a
589 3759 649 3813 Nec
665 3756 824 3826 quidquam
838 3755 931 3811 refert
941 3755 1019 3810 iuter
1029 3765 1079 3806 eos
1090 3764 1163 3820 quos
1173 3751 1258 3803 loan-

101 3880 153 3922 nes
169 3867 198 3922 iu
212 3867 226 3918 J
231 3865 352 3932 ord-aue,
368 3865 398 3920 et
411 3878 485 3933 quos
499 3859 606 3918 Petrus
620 3860 650 3914 iu
663 3858 761 3914 Tiberi
774 3857 873 3914 tinxit.
898 3881 911 3904 n
930 3855 964 3927 (5)

128 4218 443 4281 mksttupffih

128 4309 156 4362 (a
168 4305 198 4350 r.
213 4303 243 4350 s.
256 4305 275 4349 t.
287 4303 343 4348 xx.
357 4305 440 4358 pau.

131 4386 402 4445 fflRhtstpffi
