3170 5134
361 434 420 497 174
599 451 670 500 mss.
692 452 734 502 nr.
756 455 792 502 nn
813 453 939 504 lucrose
959 457 1255 506 ruinosoruoourron.

360 618 556 694 convenire
586 619 808 698 Tertulliani
841 624 936 702 libro
970 631 1015 702 de
1045 629 1420 724 Proescriptionibus.
1454 674 1498 684 —-

360 753 500 829 Verum
528 754 606 831 haee
632 755 1053 857 descriptio·eonvenire
1078 759 1227 862 quidem
1252 764 1373 862 potest
1398 767 1498 838 cata-
1560 748 1561 786 ³

359 884 445 984 logo
481 883 538 960 illi
575 887 638 988 qui
677 886 772 965 libro
805 896 850 966 de
884 893 1244 990 Proesera'ptr'ooitus
1277 895 1498 996 subjunctus

360 1022 416 1095 est
439 1021 490 1116 (ι),
518 1022 580 1096 sed
611 1046 684 1098 non
709 1047 733 1098 a
759 1023 990 1103 Tertulliano
1017 1029 1072 1124 (a);
1105 1051 1340 1128 nequaquam
1370 1033 1497 1106 autern

358 1156 530 1233 convenit
560 1157 630 1260 ipsi
660 1157 755 1236 libro
785 1167 830 1236 de
856 1163 1229 1259 Proescriptzontbua
1258 1163 1320 1238 ubi
1349 1162 1497 1239 Tertul-

358 1292 482 1369 lianus
513 1311 586 1370 non
616 1300 773 1392 reponit
794 1302 943 1395 placito
977 1300 1257 1390 haereticorum,
1289 1301 1352 1377 sed
1384 1326 1497 1402 argu-

358 1432 526 1505 mentum
551 1430 727 1508 novitatis
752 1437 882 1510 eontra
913 1434 1072 1511 haereses
1097 1435 1301 1536 generatim
1328 1440 1497 1536 sumptas

360 1561 488 1640 multis
509 1558 629 1664 urget.
659 1635 677 1660 =,

407 1739 440 1802 b.
465 1722 621 1801 Nullum
646 1725 818 1802 novimus
843 1725 1065 1803 Tertulliani
1089 1727 1226 1804 librum
1256 1733 1301 1802 de
1323 1729 1500 1802 universi

360 1860 585 1935 attestantia.

406 2047 437 2094 o.
468 2017 597 2117 Neque
622 2017 916 2112 ullosnovimus
941 2019 1021 2119 ejus
1047 2019 1331 2097 commentarios
1357 2021 1398 2096 in
1425 2021 1494 2096 Ge

360 2150 476 2225 nesim
493 2150 552 2226 vel
570 2150 672 2228 aliud
691 2151 813 2228 simile
830 2178 935 2255 opus.

410 2337 448 2420 3.
480 2357 553 2421 111.
593 2343 710 2418 Nemo
748 2367 912 2444 unquam
945 2343 1040 2421 dixit
1073 2344 1345 2421 Tertullianum
1382 2346 1495 2421 fuisse

360 2475 573 2576 episcopum
589 2480 655 2552 aut
673 2477 743 2552 sibi
762 2477 858 2552 hane
877 2477 1095 2577 dignitatem
1113 2477 1333 2554 vindicasse.
1355 2523 1404 2533 -
1424 2479 1494 2552 Ne-

359 2631 430 2707 que
463 2632 508 2683 ex
543 2608 588 2686 iis
617 2633 700 2709 quae
734 2609 845 2686 habet
873 2611 1134 2698 Auousrnum,
1161 2614 1198 2685 et
1226 2634 1272 2686 ex
1296 2634 1339 2686 eo
1365 2613 1495 2687 auctor
1562 2633 1563 2638 ¹

358 2766 565 2843 anonymus
591 2746 867 2820 Proedestz'notz'
890 2747 941 2842 (a),
965 2745 1052 2843 jure
1077 2743 1234 2843 supponi
1259 2747 1381 2843 potest
1407 2741 1493 2817 Ter-

358 2874 537 2951 tullianus
559 2901 602 2953 ea
623 2877 760 2953 dixisse
781 2902 865 2978 quae
887 2877 926 2950 in
948 2875 1129 2977 prooemio
1150 2874 1216 2984 lib.⁸
1240 2874 1270 2949 Ι.
1292 2876 1437 2951 Ptelea.
1458 2876 1493 2968 (⁴)

359 3009 404 3084 de
422 3033 460 3085 se
477 3009 655 3112 praedicat
671 3016 801 3088 auctor
817 3010 931 3111 hujus
949 3010 1083 3111 operis.

411 3197 449 3279 4·
482 3219 549 3282 lv.
591 3203 753 3279 Dubium
787 3207 843 3278 est
876 3205 1003 3277 utrum
1038 3197 1293 3276 Tertullianus
1326 3219 1492 3298 unquam

360 3334 492 3412 Romae
509 3317 680 3413 versatus
698 3337 766 3412 sit:
780 3336 910 3436 Neque
922 3333 1021 3410 enim
1040 3333 1077 3409 id
1096 3333 1187 3409 satis
1205 3331 1327 3408 valide
1343 3329 1491 3428 conclu·

359 3469 460 3546 ditur
488 3495 533 3546 ex
561 3471 782 3548 testimoniis
813 3471 969 3546 Eosnnn
995 3471 1032 3543 et
1053 3466 1282 3543 Hmnonrur
1304 3467 1358 3562 (5),
1385 3468 1429 3539 ut
1451 3483 1492 3536 ea

354 3606 588 3704 ,examinanti
605 3606 714 3684 facile
731 3610 852 3708 patet;
873 3628 991 3705 neque
1003 3627 1050 3678 ex
1066 3600 1286 3703 quibusdam
1303 3598 1397 3676 loeis
1415 3597 1491 3697 ejus

359 3764 527 3841 operum,
546 3741 609 3817 ubi
627 3742 674 3818 ad
696 3743 935 3817 monumenta
953 3736 1127 3814 Romana
1147 3736 1325 3836 provocat
1345 3763 1353 3807 :
1375 3729 1492 3834 potuit

360 3871 459 3947 enim
478 3871 557 3947 haee
575 3872 698 3949 dicere
715 3873 805 3973 quin
822 3898 867 3950 ea
884 3873 962 3974 ipse
980 3869 1117 3946 viderit
1134 3871 1184 3968 (o).

392 4181 423 4246 tr)
436 4179 467 4231 Ρ.
482 4180 513 4233 L.
528 4183 546 4233 t.
561 4181 596 4232 ll.
610 4197 636 4247 p.
647 4183 687 4233 61.
974 4183 1005 4245 (³)
1017 4179 1091 4230 Test.
1105 4179 1137 4236 3.
1151 4178 1182 4230 6.

391 4279 421 4340 (2)
439 4277 476 4329 Ut
494 4278 567 4328 inter
586 4277 708 4328 eruditos
727 4279 832 4327 eertum
853 4278 907 4339 est3
974 4275 1004 4338 (r)
1015 4273 1075 4324 vid.
1089 4271 1213 4338 Append.
1229 4284 1291 4336 pag.
1304 4263 1339 4319 16
1351 4267 1421 4321 med.

359 4368 479 4416 ceterum
499 4379 586 4429 neque
602 4365 698 4416 Cruioo
715 4367 787 4416 hunc
806 4364 907 4415 catalo-
974 4363 1003 4426 (⁵)
1016 4362 1089 4413 Test.
1105 4363 1132 4423 1,
1145 4360 1174 4410 2.

360 4467 424 4518 gum
437 4455 525 4513 affort,
538 4455 585 4506 sed
598 4453 688 4518 ipsum
701 4455 811 4505 librum.
974 4453 1003 4516 (a
1018 4451 1071 4502 Clr.
1088 4451 1212 4501 Lournn.
