3180 5134
391 484 426 527 DE
447 483 581 528 comuni.
606 483 686 528 cruca
709 481 866 529 subsistitur
888 481 1106 528 HAERETICONUM.
1292 465 1325 522 52

161 651 290 709 cionitae
305 651 336 706 et
349 649 454 706 ceterae
467 648 676 705 baereticorum
690 647 788 717 pestes
798 648 829 704 et
838 647 927 718 gladii
941 662 976 704 ac
987 662 1102 703 venena
1116 647 1324 704 subvertendae

160 748 320 814 veritatis,
335 747 432 816 potest
444 746 505 801 iilic
517 745 549 801 et
561 745 708 814 baptisma
721 759 813 799 unum
827 759 901 812 esse,
916 744 942 798 si
955 744 1001 799 esi
1011 749 1041 799 et
1059 745 1130 800 tides
1144 758 1212 800 una.

204 871 234 926 5.
250 895 264 917 n
276 873 319 926 Ac
330 883 366 923 ne
377 869 497 937 longum
509 866 548 922 sit
558 882 611 936 per
620 867 749 921 haereses
762 865 916 922 universas
926 866 1086 922 decurrere
1096 867 1127 922 et
1139 869 1324 938 singularum

160 969 217 1024 vel
231 967 358 1036 ineptias
375 967 422 1022 rel
441 965 570 1020 insanias
590 977 756 1029 recensere,
771 963 841 1032 quia
860 977 913 1016 nec
934 961 1063 1017 delecmt
1081 962 1109 1017 id
1129 963 1228 1019 dicere
1245 967 1323 1036 quod

160 1065 222 1120 aut
235 1063 339 1119 horret
349 1064 400 1118 aut
413 1062 504 1132 pudet
518 1074 613 1129 nosse,
627 1060 665 1114 de
678 1057 828 1114 Marcione
842 1058 962 1113 iuterim
978 1058 1051 1123 solo,
1067 1058 1153 1129 cujus
1167 1061 1277 1117 mentio
1292 1063 1320 1118 in

158 1158 295 1229 epistola
314 1173 333 1212 a
352 1158 383 1213 ic
402 1158 438 1212 ad
453 1173 506 1212 nos
519 1155 695 1212 transmissa
707 1155 788 1211 facta
807 1154 863 1222 est,
879 1154 1083 1210 examinemus
1096 1171 1133 1210 an
1147 1159 1244 1225 possit
1257 1159 1325 1229 bap

160 1257 297 1314 tismatis
316 1256 381 1325 ejus
394 1257 470 1311 ratio
484 1255 630 1310 constare.
639 1247 788 1308 'Dominus
801 1253 879 1307 enim
893 1253 960 1322 post
973 1255 1223 1310 resurrectionem
1237 1255 1324 1312 disci·

161 1355 254 1426 pulos
275 1369 346 1410 suos
369 1353 500 1420 mittens,
519 1351 766 1422 quemadmodum
789 1350 938 1425 baptizare
960 1350 1104 1407 deberent
1127 1352 1271 1410 instruxit
1294 1355 1325 1411 et

162 1451 270 1510 docuit
289 1449 390 1506 dicens
411 1469 417 1504 :
438 1449 525 1504 Data
546 1449 600 1512 est
626 1447 712 1502 mibi
731 1447 843 1502 omnis
868 1447 1028 1517 potestas
1055 1449 1089 1504 in
1111 1450 1201 1506 coelo
1229 1451 1265 1508 et
1288 1451 1323 1507 in

119 1598 127 1607 .
162 1549 280 1605 terra.
307 1547 358 1602 ite
386 1560 474 1615 ergo
496 1544 532 1599 et
553 1543 678 1599 docete
701 1543 828 1612 gentes
850 1557 981 1608 omnes
1009 1543 1237 1614 baptizantes
1264 1529 1340 1604 eos

161 1645 204 1700 in
226 1645 364 1699 nomine
385 1641 503 1698 Patris
528 1641 562 1696 ei
588 1640 675 1695 Filii
698 1639 926 1708 et,Spiritus
952 1642 1082 1698 Sancti.
1111 1644 1242 1700 insinuat
1264 1646 1325 1702 Tri-

163 1740 304 1806 nitatem,
319 1741 405 1810 qu'us
418 1740 604 1796 sacramento
626 1738 729 1807 gentes
749 1738 978 1806 baptizarentur.
999 1742 1147 1809 Numquid
1166 1742 1242 1798 banc
1262 1743 1324 1799 Tri-

166 1837 294 1893 nitatem
309 1839 442 1893 Marcion
452 1837 548 1892 teneti
563 1835 710 1904 Numquid
722 1834 858 1890 cumdem
872 1837 979 1891 asserit
993 1851 1079 1905 quem
1094 1838 1124 1893 et
1138 1853 1190 1894 nos
1201 1840 1324 1895 Patrem

167 1934 358 1991 creatoremi
372 1933 520 2002 Numquid
530 1933 667 1988 eumdem
681 1931 765 1986 novit
775 1931 880 1986 Filium
892 1932 1041 1988 Christum
1056 1933 1092 1988 de
1103 1935 1198 1990 Maria
1209 1936 1324 2006 virgine

168 2031 287 2095 natum,
310 2031 362 2098 qui
378 2032 480 2085 Sermo
499 2043 569 2084 caro
587 2029 684 2083 factus
700 2028 749 2093 sit,
767 2027 818 2096 qui
831 2028 953 2096 peccata
966 2029 1069 2084 nostra
1082 2031 1259 2098 portaverit,
1273 2034 1323 2102 qui

167 2127 300 2184 mortem
320 2125 475 2181 moriendo
495 2125 611 2190 vicerit,
626 2125 676 2193 qui
689 2125 940 2179 resurrectionem
954 2127 1053 2181 carnis
1068 2131 1323 2198 persemetipsum
1369 2129 1374 2138 '

172 2223 289 2292 primus
300 2221 471 2286 initiaverit,
485 2221 516 2276 ei
524 2220 675 2289 discipulis
688 2220 749 2276 suis
763 2219 839 2288 quod
852 2220 881 2274 in
892 2220 995 2276 eadem
1007 2236 1097 2277 carne
1107 2226 1323 2281 resurrexisset

169 2321 352 2378 ostenderiti
367 2324 465 2391 Longe
476 2321 535 2376 alia
549 2321 595 2376 est
608 2320 685 2390 apud
699 2321 880 2376 Marcionem
894 2321 944 2376 sed
959 2323 989 2376 et
1007 2324 1085 2392 apud
1100 2325 1215 2380 ceteros
1231 2324 1324 2380 baere-

168 2419 247 2472 ticos
270 2417 353 2473 tides.
380 2420 472 2473 Immo
492 2416 563 2471 nihii
584 2417 630 2472 est
651 2417 729 2484 apud
749 2416 816 2470 iilos
837 2416 892 2471 nisi
908 2417 1032 2486 pertidia
1048 2419 1078 2474 et
1095 2419 1277 2488 blasphemia
1293 2422 1324 2476 et

169 2517 322 2572 contentio
337 2517 503 2572 sanctitatis
517 2516 547 2571 et
560 2515 695 2571 veritatis
709 2517 837 2572 inimica.
861 2518 1013 2580 Quomodo
1033 2533 1104 2588 ergo
1118 2519 1216 2588 potest
1229 2519 1323 2576 videri

171 2615 223 2682 qui
242 2613 321 2681 apud
341 2612 410 2668 iilos
435 2612 599 2680 baptizatur
617 2612 794 2666 consecutus
817 2627 881 2667 esse
904 2614 1094 2682 peccatorum
1114 2617 1270 2672 remissam
1292 2617 1323 2672 et

171 2709 281 2762 divinae
301 2707 491 2776 indulgentiae
508 2707 637 2776 gratiam
656 2721 709 2776 per
725 2722 810 2762 suam
826 2708 913 2764 iidem
933 2710 983 2778 qui
1003 2710 1095 2779 ipsius
1114 2710 1181 2766 iidei
1201 2727 1258 2767 non
1272 2713 1323 2768 ha-

171 2805 271 2860 buerit
285 2804 457 2860 veritatemi
473 2805 501 2860 Si
516 2804 604 2868 enim,
619 2805 697 2859 sicut
714 2805 889 2873 quibusdam
908 2807 1036 2873 videtur,
1058 2810 1220 2866 secundum
1235 2812 1322 2868 tidem

171 2913 256 2954 suam
280 2899 346 2968 quis
362 2901 497 2969 accipere
519 2899 629 2968 aliquid
653 2900 725 2955 toris
748 2903 835 2956 extra
854 2903 1011 2958 ecclesiam
1035 2905 1142 2973 potuit,
1166 2908 1269 2976 utiquc
1292 2909 1321 2964 id

170 2994 287 3063 accepit
309 2995 386 3063 quod
410 2995 544 3052 credidit.
566 2996 684 3050 Falsum
701 2995 802 3050 autem
823 2998 946 3052 credens
972 3014 1078 3055 verum
1104 3003 1238 3073 accipere
1264 3021 1322 3062 non

170 3091 284 3160 potuit,
309 3105 358 3145 see
384 3090 482 3160 potius
504 3091 642 3147 adultera
664 3093 693 3146 et
719 3093 852 3162 protana,
881 3094 1043 3150 secundum
1068 3098 1146 3167 quod
1171 3100 1321 3167 credebat,

171 3185 295 3254 accepit.

208 3295 235 3348 6.
253 3318 267 3338 n
284 3335 291 3347 .
309 3337 315 3348 .
335 3336 341 3348 .
359 3337 366 3350 .
382 3293 463 3358 Quod
479 3297 503 3350 si
518 3295 680 3350 secundum
694 3311 820 3366 pravam
836 3297 923 3353 fldem
934 3299 1075 3369 baptizari
1089 3303 1197 3372 aliquis
1210 3307 1281 3364 ioris
1293 3311 1323 3366 ei

169 3389 327 3444 remissam
347 3391 537 3468 peccatorum
554 3393 693 3460 consequi
708 3393 815 3460 potuit,
831 3394 994 3450 secundum
1005 3399 1140 3454 eamdem
1153 3401 1239 3457 tidem
1253 3419 1322 3460 con-

170 3485 254 3554 sequi
268 3486 298 3540 et
311 3486 452 3554 Spiritum
467 3487 606 3542 Sanctum
623 3489 729 3557 potuit,
747 3491 778 3546 et
798 3506 855 3545 nou
876 3492 922 3547 esi
940 3508 1059 3551 necesse
1072 3499 1100 3552 ei
1117 3501 1247 3556 venienti
1262 3519 1323 3559 ma·

169 3595 241 3636 num
256 3581 365 3649 imponi
377 3581 410 3636 ut
420 3583 562 3651 Spiritum
573 3585 714 3640 Sanctum
726 3588 927 3655 consequatur
940 3588 971 3643 et
984 3590 1127 3659 signetur.
1140 3597 1199 3650 Aut
1209 3597 1323 3654 utrum-

169 3692 228 3745 que
240 3678 320 3732 enim
334 3677 391 3732 tide
404 3693 459 3733 sua
475 3679 547 3734 soris
567 3681 706 3749 consequi
720 3682 825 3751 potuit,
840 3685 893 3738 aut
906 3685 1045 3742 neutrum
1063 3703 1165 3746 eorum
1186 3693 1237 3762 qui
1250 3694 1323 3751 toris

168 3775 270 3830 fuerat
282 3775 406 3843 accepit.

206 3909 233 3962 7.
252 3931 266 3954 ι·
281 3907 472 3964 Manifestum
487 3909 532 3965 cst
543 3911 643 3966 autem
658 3912 707 3967 ubi
722 3913 753 3967 et
767 3927 822 3981 per
835 3927 908 3982 quos
921 3916 1046 3972 remissa
1055 3919 1245 3988 peccatorum
1258 3921 1322 3977 dari

167 4003 273 4072 possit,
288 4004 397 4072 quaein
411 4005 558 4074 baptismo
573 4007 688 4063 scilicet
700 4007 798 4065 datur.
818 4012 893 4064 Nam
913 4011 1001 4066 Petro
1022 4013 1150 4082 primum
1170 4017 1320 4082 Dominus,

166 4114 260 4168 super
280 4113 368 4166 quem
388 4099 547 4156 aedificavit
566 4103 732 4168 ecetesiam,
753 4104 784 4159 et
803 4105 880 4160 unde
899 4107 1022 4162 unitatis
1036 4109 1181 4177 originem
1194 4111 1323 4168 instituit

165 4196 197 4251 ct
210 4193 353 4258 ostendii,
369 4195 543 4261 potestatem
563 4198 650 4254 istam
668 4198 748 4254 dcdit
765 4200 799 4254 ut
813 4201 841 4254 id
859 4202 1027 4257 solueretur
1040 4203 1069 4258 in
1083 4204 1166 4260 coelis
1179 4207 1257 4275 quod
1271 4208 1322 4262 iiie

89 4341 93 4344 .
163 4289 310 4349 solvisset
324 4290 352 4343 iu
367 4291 464 4346 terris
491 4294 517 4348 a
535 4297 602 4362 post
615 4297 864 4352 resurrectionem
880 4315 996 4368 quoque
1009 4301 1046 4355 ad
1060 4303 1216 4370 Apostolos
1230 4305 1323 4373 loqui-

162 4392 216 4446 tur
241 4386 347 4442 dicens
374 4405 380 4440 :
406 4387 503 4443 Siout
529 4391 627 4448 misit
652 4405 704 4446 me
730 4394 846 4459 Pater,
871 4396 905 4451 et
927 4410 990 4466 ego
1016 4397 1121 4453 mitto
1147 4414 1223 4458 vos.
1253 4405 1322 4458 Hoc
