3180 5134
296 395 333 452 81
572 356 575 362 Δ
776 407 893 452 sereno.
916 395 953 446 Κ.

333 581 378 638 20.
396 603 408 626 ι·
425 582 456 636 ln
470 578 570 652 [Decii]
584 576 787 648 perseeutione
799 590 867 632 cum
880 575 1026 632 Fabianus
1037 575 1138 630 Roma
1152 569 1330 641 martyrium
1342 566 1445 640 pertu-

298 677 391 742 lisset,
411 679 441 735 in
454 678 518 749 ejus
537 677 636 733 locum
649 674 800 732 cornelius
813 673 989 744 subrogatus
1003 662 1048 728 e'st
1060 671 1225 742 episcopus.
1243 693 1256 715 n
1271 670 1318 723 Vl.
1340 668 1389 724 39.
1406 664 1444 739 (1)

335 779 380 834 al.
395 800 408 822 u
424 779 524 834 Romae
540 789 609 832 cum
619 767 874 830 corneliustribus
887 771 1008 829 circiter
1021 769 1106 826 annis
1122 766 1322 838 episcopatum
1331 764 1445 822 tenuis·

296 873 354 940 set,
370 873 477 930 Lucius
490 873 520 928 in
530 871 594 942 ejns
608 871 705 927 locum
715 869 913 927 substituitur.
931 895 944 916 π
959 872 1019 926 Vll.
1034 870 1060 926 2.
1077 864 1113 940 (1)

335 973 381 1028 22.
398 995 411 1017 a
433 971 487 1036 Qui
506 968 637 1026 11110110
656 969 799 1025 mensium
814 967 908 1040 spatio
925 968 1096 1040 perfunctus
1118 980 1154 1021 eo
1168 978 1290 1022 munere
1311 962 1445 1019 moriens

298 1068 464 1140 episcopale
477 1067 606 1123 officium
620 1067 766 1138 Stephano
779 1065 945 1137 dereliquit.
962 1091 975 1114 n
991 1066 1060 1124 ibid.

337 1167 382 1225 13.
400 1189 413 1212 u
435 1169 507 1223 Cum
527 1165 691 1236 Stephanus
709 1167 865 1222 ecclesiam
882 1165 998 1222 biennio
1017 1161 1262 1232 administrasset,
1284 1161 1399 1231 Xystus
1416 1161 1445 1216 in

299 1266 363 1336 ejus
377 1265 474 1320 locum
488 1262 637 1319 successit.
656 1287 670 1311 n
682 1263 741 1318 Vll.
758 1264 785 1320 5.
802 1263 838 1335 (1)

336 1365 382 1420 al.
399 1386 413 1408 u
429 1365 501 1419 cum
519 1361 631 1432 Xystus
644 1361 779 1417 undecim
798 1363 882 1420 annis
904 1363 1037 1420 ecclesiae
1060 1363 1200 1418 Romame
1220 1357 1398 1430 praefuisset,
1418 1357 1446 1413 iu

301 1460 805 1534 111110111111111111111101111111.
823 1486 836 1507 n
851 1463 910 1517 Vll.
927 1462 972 1518 27.
984 1461 1019 1533 (1)

336 1567 381 1620 25.
399 1586 412 1609 u
427 1561 544 1620 Mortuo
558 1563 705 1631 Dionysio,
720 1561 769 1631 qni
783 1575 888 1618 novem
898 1564 982 1618 annis
993 1564 1134 1619 Romanae
1145 1562 1227 1618 urbis
1242 1559 1445 1630 episcopatum

299 1663 530 1728 administrarat,
545 1661 625 1718 Felix
640 1661 669 1717 iu
682 1660 746 1731 ejus
759 1660 857 1717 locum
871 1655 1049 1718 substitutus
1062 1661 1117 1717 est.
1136 1687 1148 1708 n
1164 1662 1224 1716 Vll.
1239 1661 1285 1716 30.
1300 1655 1337 1730 (s)

337 1766 382 1822 16.
405 1788 418 1809 u
438 1765 510 1820 Cum
523 1761 605 1818 Felix
623 1761 751 1831 quinque
773 1763 861 1817 annis
880 1762 1041 1818 Romanam
1063 1759 1256 1832 gubernasset
1275 1758 1444 1825 ecclesiam,

302 1862 501 1934 Eutychianos
521 1863 551 1916 in
564 1861 628 1932 eJus
648 1859 745 1915 locum
759 1859 909 1916 successit.
927 1860 981 1924 Qui
1001 1875 1058 1915 non
1079 1858 1202 1928 integris
1219 1856 1320 1914 decem
1337 1857 1448 1912 mensi·

302 1961 356 2018 bus
369 1961 399 2017 in
409 1959 578 2030 episcopatu
591 1956 760 2023 transactis,
776 1957 855 2023 Caio,
870 1957 919 2027 qui
931 1957 1032 2014 nostra
1048 1957 1136 2013 111111
1149 1955 1235 2023 vixit,
1246 1955 1346 2012 sedem
1360 1969 1446 2012 snam

301 2057 429 2128 reliquit.
442 2057 495 2113 Hic
508 2041 576 2113 cum
588 2056 672 2111 annis
685 2053 805 2110 circiter
815 2053 981 2124 quindecim
996 2055 1130 2112 ecclesia
1139 2054 1315 2126 praefuisset,
1327 2068 1446 2111 succes·

301 2170 398 2212 sorem
412 2154 515 2212 habuit
526 2153 742 2220 Marcellinum.
761 2177 774 2200 n
789 2155 848 2209 Vll.
865 2155 909 2210 32.
926 2153 963 2227 (1)

346 2294 386 2358 4.
408 2304 593 2358 Errrnasrus
614 2303 699 2356 Haer.
719 2301 764 2357 27.
785 2316 813 2357 n.
828 2301 855 2356 6.
873 2323 886 2346 a
901 2303 1002 2357 Romae
1024 2301 1113 2372 primi
1135 2301 1265 2357 omnium
1285 2299 1394 2356 Petrus
1417 2299 1448 2356 et

251 2469 253 2472 ,
303 2406 413 2462 Paulus
431 2405 556 2476 apostoli
575 2405 687 2475 pariter
700 2404 788 2474 alque
808 2405 935 2474 episcopi
952 2405 1082 2461 luerunt.
1105 2405 1173 2462 inde
1186 2407 1285 2470 Linus,
1301 2405 1366 2462 tum
1385 2405 1447 2462 cle·

181 2527 182 2530 ¹
302 2504 361 2562 tus.
382 2505 453 2561 Post
472 2505 550 2560 bunc
573 2504 717 2569 clemens,
739 2503 820 2559 Petri
841 2503 871 2559 et
887 2504 970 2559 Pauli
990 2503 1158 2574 temporum
1177 2505 1309 2574 aequalis,
1327 2504 1365 2560 de
1388 2519 1447 2575 quo

302 2604 411 2666 Paulus
424 2604 557 2661 meminit
568 2603 605 2660 ad
622 2606 768 2662 Romanos
782 2600 1002 2674 [Philippenses]
1020 2605 1160 2678 scribens,
1182 2608 1282 2676 Neque
1299 2619 1373 2662 vero
1394 2607 1446 2662 mi-

301 2701 386 2758 retur
395 2703 511 2772 aliquis,
526 2702 602 2773 quod
618 2701 686 2759 ante
699 2701 795 2771 ipsum
811 2702 840 2756 in
859 2701 1038 2772 pontificiam
1052 2701 1227 2774 dignitatem
1242 2701 1292 2757 alii
1303 2705 1446 2774 apostolis

301 2800 504 2867 successerint,
519 2815 586 2856 cum
596 2799 676 2856 Petri
690 2813 725 2854 ac
739 2799 822 2855 Pauli
835 2799 913 2856 esset
927 2799 1048 2869 aequalis
1063 2820 1069 2856 :
1087 2799 1189 2856 iisdem
1209 2801 1286 2856 enim
1301 2799 1353 2856 ille
1372 2801 1446 2858 tem·

302 2898 421 2968 poribus
436 2899 519 2955 111111.
539 2900 645 2956 Utrum
659 2897 718 2955 illis
738 2898 834 2954 adbuc
851 2898 1057 2969 superstitibus
1074 2899 1220 2968 impositis
1235 2897 1372 2954 manibus
1389 2901 1447 2970 epi-

302 3009 408 3066 scopus
422 3011 440 3051 1
455 2995 543 3052 Petro
556 2997 746 3052 consecratus
762 3011 853 3066 eaque
867 2995 1031 3053 detrectata
1044 2985 1195 3066 provincia
1208 2997 1244 3052 ab
1261 2998 1340 3053 omni
1354 2995 1447 3054 admi·

303 3093 476 3151 nistratione
490 3095 641 3152 vacaverit
653 3093 708 3169 (ita
721 3096 797 3151 enim
812 3095 840 3150 in
854 3094 980 3165 quadam
994 3095 1119 3165 epistola
1135 3095 1254 3165 scripsit
1272 3116 1278 3152 :
1297 3097 1445 3162 Recedo,

302 3205 402 3258 exeo,
435 3192 545 3249 instet
570 3192 719 3263 populus
745 3193 827 3257 Dei..
847 3193 994 3249 nonnullis
1020 3193 1159 3249 videlicet
1184 3193 1239 3249 hoc
1265 3193 1354 3249 modo
1379 3210 1447 3251 con·

302 3287 416 3354 sulens;
432 3303 500 3345 nam
513 3290 542 3345 in
556 3289 728 3359 quibusdam
746 3289 968 3346 commentariis
986 3291 1028 3347 ita
1046 3291 1190 3362 scriptum
1205 3279 1395 3366 reperimus),
1409 3309 1446 3349 an

302 3384 399 3454 potins
416 3385 576 3443 secundum
594 3387 742 3457 apostolos
755 3387 792 3442 ab
811 3387 947 3458 episcopo
967 3387 1048 3444 cleto
1065 3389 1105 3445 sit
1123 3390 1311 3456 constitutus,
1333 3389 1446 3461 liquido

303 3496 360 3537 non
379 3481 504 3538 constat.
523 3485 705 3554 Quamquam
718 3483 765 3539 111
778 3483 834 3540 hac
847 3484 964 3554 quidem
983 3485 1102 3541 ratione
1123 3487 1261 3556 poterant
1278 3487 1447 3543 viventibus

219 3605 221 3608 ·
301 3581 397 3638 adbuc
409 3581 559 3652 apostolis,
576 3584 664 3638 Petro
677 3583 788 3640 scilieet
800 3598 835 3640 10
849 3584 952 3650 Ρ1110,
968 3584 1098 3656 episcopi
1113 3585 1162 3640 alii
1183 3585 1351 3656 subrogari,
1366 3586 1445 3657 quod

303 3679 389 3736 iidem
403 3679 445 3736 illi
467 3679 644 3750 praedieandi
661 3681 805 3751 evangelii
822 3682 919 3752 gratia
933 3683 962 3738 in
980 3683 1055 3738 alias
1069 3683 1157 3739 urbes
1177 3685 1369 3754 regionesque
1383 3698 1447 3755 pre

302 3777 456 3834 sectionem
478 3778 675 3848 susciperent,
702 3793 805 3835 carere
835 3779 936 3836 autom
962 3782 1098 3850 episcopo
1123 3782 1216 3837 Roma
1238 3795 1296 3837 non
1319 3785 1444 3852 posset:

301 3876 444 3946 siquidem
455 3878 564 3935 Paulus
574 3879 603 3934 in
614 3878 783 3949 Hispaniam
798 3881 943 3949 pervenit,
956 3880 1062 3937 Petrus
1076 3895 1147 3936 vero
1163 3882 1290 3940 Pontum
1300 3897 1336 3937 11
1346 3882 1445 3952 Bithy-

303 3978 380 4035 niam
397 3993 598 4050 saepenumero
612 3980 791 4052 peragravit.
801 3983 841 4038 Ae
854 3981 919 4038 deri
930 3997 1000 4039 sane
1010 3982 1107 4053 potuit
1116 3983 1149 4039 ut
1159 3983 1288 4053 primum
1298 3985 1446 4040 clemente

330 4239 354 4294 (1)
365 4238 429 4324 ibid.
443 4251 467 4296 p.
480 4241 529 4284 599.
914 4242 942 4294 (1)
956 4241 1020 4287 Ibid.
1030 4252 1055 4298 p.
1068 4242 1119 4287 lod.

327 4323 354 4376 (1)
366 4320 430 4368 ibid.
443 4333 467 4380 p.
480 4325 530 4368 639.
916 4325 942 4378 (1)
956 4323 1020 4370 ibid.
1033 4335 1058 4381 p.
1071 4327 1121 4369 719.

327 4405 354 4461 (1)
366 4404 431 4452 Ibld.
444 4418 468 4464 p.
481 4410 530 4453 143.
913 4411 941 4464 (1)
952 4411 1016 4457 ibid.
1030 4422 1054 4468 p.
1068 4413 1116 4458 722.
