3132 5140
308 439 368 498 210
583 454 655 502 mss.
678 457 716 503 ιν.
741 459 776 504 nn
800 460 897 508 secus.
922 461 989 508 lov.
1012 459 1178 511 cannrsrou.

310 632 514 710 canonibus
532 633 647 712 Cono.
665 636 868 714 Laodiceni
883 641 956 738 (an.
973 641 1056 738 320)
1077 638 1204 718 clerici
1222 641 1465 744 distinguun-

308 772 436 874 tur‘ab
453 784 600 864 ἱερατικοῖς
614 775 664 872 (ι).
683 771 733 850 Et
747 773 971 852 Anonosius
989 775 1110 877 Epist.
1131 779 1192 853 63.
1209 801 1242 853 c.
1259 783 1330 854 64:
1354 813 1372 842 ιι
1392 775 1466 855 Sed

312 947 327 975 n
350 911 454 1012 prius
482 933 751 1012 cognoscamus
774 909 864 1008 (ait),
893 935 967 986 non
995 908 1117 987 solum
1142 910 1212 987 boe
1236 909 1464 1013 Apostolum

312 1081 328 1109 a
351 1045 396 1121 de
417 1045 589 1147 episcopo
613 1047 650 1121 et
667 1045 884 1148 presbytero
902 1044 1092 1134 statuisse,
1112 1045 1176 1122 sed
1194 1045 1309 1122 etiam
1323 1045 1465 1122 Patres

313 1216 329 1245 e
351 1179 390 1255 in
404 1178 573 1258 Concilio
588 1180 622 1255 N
627 1178 745 1256 icaeno
759 1182 943 1256 tractatus
957 1179 1129 1270 edidisse,
1146 1203 1266 1282 neque
1277 1178 1463 1257 clericum

313 1351 328 1380 a
351 1339 576 1417 quemquam
599 1314 731 1392 debere
755 1340 849 1404 esse,
875 1315 939 1416 qui
964 1315 1128 1392 secunda
1149 1316 1326 1418 conjugia
1347 1314 1463 1392 sorti-

311 1453 409 1525 etus
434 1448 484 1524 sit
511 1485 526 1513 a
555 1452 605 1547 (a).
628 1494 675 1503 —
692 1433 781 1525 Jam
802 1448 841 1524 in
866 1449 1043 1550 praesenti
1065 1451 1305 1560 accusatione
1326 1451 1389 1552 agi
1414 1449 1460 1525 de

307 1583 407 1662 clero
429 1583 597 1662 inferiori
620 1583 791 1661 concludi
816 1584 913 1662 forte
930 1589 1051 1686 potest
1068 1609 1115 1661 ex
1132 1611 1175 1662 eo
1193 1587 1292 1688 quod
1312 1587 1457 1688 Hippo-

305 1719 407 1823 lytus
430 1720 640 1822 superiores
664 1719 813 1796 ordines
835 1744 910 1796 non
932 1719 1145 1798 distinctius
1169 1720 1329 1812 indicat;
1356 1718 1454 1823 quod

238 1927 239 1932 ,
306 1857 436 1959 utique
462 1881 536 1933 non
561 1855 713 1932 videtur
741 1855 949 1933 emissurus
970 1857 1099 1947 luisse,
1119 1858 1152 1934 si
1172 1855 1353 1936 Callistus
1372 1862 1452 1935 tam

305 1990 562 2092 indulgentem
584 2015 624 2066 se
648 1989 872 2092 praebuisset
894 2015 986 2092 erga
1009 1990 1184 2068 diaconos
1206 1996 1243 2069 et
1263 1993 1449 2094 presbyte-

239 2177 242 2184 ,
305 2151 366 2203 ros
388 2157 395 2202 :
417 2131 518 2204 certe
535 2126 574 2202 in
588 2125 835 2231 accusatione
859 2125 1085 2228 praecedenti
1106 2127 1243 2204 diserte
1261 2149 1448 2204 recensen-

303 2270 367 2339 tur
400 2261 583 2365 episcopi,
628 2263 836 2365 presbyteri
875 2267 912 2340 et
945 2264 1105 2343 diaconi.
1145 2265 1190 2342 In
1228 2264 1446 2367 quibusdam

303 2406 430 2479 autem
451 2402 617 2480 ecelesiis
641 2428 715 2480 non
739 2402 1034 2481 admittebantur
1056 2405 1183 2483 elerici
1207 2406 1255 2483 ad
1281 2405 1444 2482 ordinem

304 2536 580 2640 acolythorum,
603 2563 722 2640 neque
745 2563 769 2615 a
790 2537 937 2616 fortiori
960 2538 1007 2614 ad
1031 2539 1355 2630 subdiaconatum,
1374 2536 1443 2614 nisi

303 2671 407 2771 prius
431 2672 701 2750 continentiam
723 2673 882 2774 professi
909 2678 1048 2764 essent;
1075 2673 1116 2749 in
1140 2674 1227 2751 aliis
1251 2701 1339 2752 vero
1363 2697 1442 2776 per-

301 2805 519 2882 mittebatur
548 2831 639 2882 usus
670 2806 836 2907 conjugii
872 2806 986 2883 etiam
1018 2809 1271 2898 subdiaconis,
1307 2811 1380 2886 imo
1406 2811 1444 2882 et

302 2937 526 3038 quibusdam
546 2940 586 3015 in
603 2937 697 3016 loeis
716 2939 831 3016 etiam
850 2939 1031 3032 diaconis,
1054 2943 1164 3019 modo
1187 2948 1275 3021 ante
1298 2942 1441 3020 ordina-

299 3071 439 3148 tionem
465 3097 572 3149 suam
598 3073 756 3176 professi
782 3078 905 3151 essent
931 3099 971 3151 se
999 3077 1270 3155 continentiam
1295 3098 1443 3154 servare

300 3231 374 3284 non
391 3231 499 3307 posse
516 3211 567 3307 (a).
589 3211 703 3322 Forte
720 3208 838 3310 igitur
855 3209 983 3309 arguit
1000 3210 1231 3314 Hippolytus
1245 3211 1443 3298 Callistum

298 3341 397 3442 quod
427 3341 460 3417 is
490 3343 651 3444 primam
685 3342 792 3421 illam
832 3368 898 3420 seu
932 3346 1158 3424 severiorem
1192 3346 1440 3450 disciplinam,

329 3733 467 3798 (1)Cann.
494 3734 536 3794 27,
560 3732 601 3792 30,
624 3735 666 3795 41,
690 3735 731 3796 la,
754 3737 796 3797 54,
819 3737 851 3788 55
886 3760 898 3781 o
911 3750 968 3789 non
990 3737 1107 3802 possunt
1128 3751 1135 3787 :
1156 3736 1200 3801 hi,
1221 3737 1245 3788 si
1269 3737 1441 3802 postmodum

297 3826 407 3888 (Massi,
433 3823 514 3876 Cone.
536 3827 555 3875 t.
582 3824 618 3876 Il.
644 3839 690 3891 pp.
713 3827 849 3891 569,5·12,
885 3851 897 3872 e
910 3841 1010 3880 uxores
1025 3828 1163 3889 duxerint,
1177 3831 1204 3879 tn
1222 3831 1372 3880 minatoria
1384 3839 1441 3877 ma·

297 3915 363 3979 573).
886 3941 898 3962 n
911 3923 1003 3978 neunt,
1016 3919 1131 3983 propter
1148 3919 1222 3980 quod
1240 3919 1281 3970 eis
1297 3920 1441 3984 episcopus

328 4002 359 4066 (a)
370 4001 403 4051 P.
417 3999 449 4051 L.
463 4001 482 4052 t.
495 3999 568 4051 xvi.
582 4014 608 4065 p.
624 4003 696 4053 1206.
882 4027 894 4049 n
907 4005 1046 4057 licentiam
1060 4005 1174 4058 dederit.
1190 4005 1361 4071 Quicumque
1374 4015 1440 4056 sane

327 4093 358 4158 (a)
367 4091 449 4144 Cone.
460 4091 598 4156 Ancyran.
613 4091 666 4157 (an.
677 4093 734 4156 314)
743 4093 807 4144 Gan.
821 4095 849 4145 lo
884 4117 897 4138 n
910 4097 1092 4158 tacuerint,et
1102 4097 1275 4161 susceperim
1285 4109 1381 4148 manus
1390 4095 1438 4144 im·

294 4179 340 4244 (el.
357 4181 382 4244 9)
398 4196 405 4230 :
424 4201 437 4222 u
454 4179 570 4231 Diaconi
587 4181 753 4246 quicumque
773 4183 848 4233 ordi·
885 4207 897 4228 n
910 4184 1085 4249 positionem,
1097 4187 1217 4251 professi
1234 4187 1437 4244 continentiam,
1459 4169 1461 4173 ’

295 4289 308 4312 n
322 4270 433 4330 nentur,
445 4267 469 4318 si
481 4268 510 4318 in
521 4267 583 4332 ipsa
597 4270 772 4323 ordinatione
783 4285 846 4336 pro·
883 4295 895 4316 n
909 4274 935 4324 et
952 4275 1049 4337 postea
1066 4275 1170 4339 nuptiis
1189 4274 1307 4341 obligati
1331 4277 1403 4337 sunl,
1422 4285 1438 4322 a

294 4379 307 4401 n
321 4357 414 4409 testati
438 4359 512 4419 sunt,
535 4361 563 4410 et
585 4359 715 4411 dixerunt
733 4360 802 4412 velle
821 4375 851 4412 se
886 4385 898 4406 n
911 4361 1065 4414 ministerio
1076 4364 1436 4428 cessaredebebuntntblsr·

295 4469 308 4492 η
321 4447 450 4512 conjugio
462 4447 596 4513 copulari,
611 4449 675 4512 quia
686 4449 727 4501 sic
739 4463 850 4502 manere
883 4463 917 4513 si,
933 4449 1013 4503 Corae
1025 4453 1044 4504 t.
1058 4451 1094 4506 11.
1107 4467 1134 4516 p.
1147 4453 1215 4518 525).
