3154 5134
245 481 312 526 cir.
336 480 372 525 iv.
395 479 430 525 nr
450 479 522 526 iuis
544 479 702 528 aenomaus
724 477 862 526 cromano
883 475 1040 526 inrorans.
1159 459 1214 524 271

65 681 80 710 a
102 645 152 722 ad
175 645 360 723 veritatis
380 647 563 749 originem
585 672 659 724 non
684 645 840 735 reditur,
867 669 936 723 nec
953 648 1066 746 caput
1082 645 1218 746 quaeri·

64 815 79 844 n
101 784 184 868 tur,
206 805 280 856 nec
300 782 471 884 magistri
493 782 656 859 eoelestis
679 781 849 860 doctrina
867 785 1052 858 servatur.
1074 780 1169 868 Quae
1187 780 1219 857 si

65 952 80 980 ν
103 917 195 1017 quis
223 918 437 996 consideret
466 926 503 996 et
532 920 733 1009 examinet,
763 923 928 997 tractatu
961 917 1073 1020 longo
1107 922 1219 1019 atque

65 1059 349 1159 ¹‘argumentis
383 1085 476 1161 opus
513 1085 588 1137 non
622 1063 689 1136 est.
730 1059 908 1136 Probatio
943 1062 999 1136 est
1031 1058 1079 1134 ad
1109 1056 1220 1133 fidem

65 1189 239 1269 -facilis
270 1196 488 1297 compendio
519 1197 702 1286 veritatis.
735 1196 920 1297 Loquitur
954 1194 1138 1272 Dominus
1172 1193 1220 1270 ad

65 1362 81 1390 a
104 1327 276 1404 Petrum
300 1358 307 1402 :
329 1329 409 1429 Ego
426 1331 495 1407 tibi
515 1330 610 1418 dico,
630 1331 765 1431 inquit,
790 1330 938 1432 quintu
956 1355 994 1406 es
1012 1331 1164 1417 Petrus
1184 1330 1222 1404 et

66 1484 228 1570 *super
259 1469 357 1547 hanc
391 1477 535 1574 petram
569 1473 761 1550 aedificabo
791 1470 987 1549 ecclesiam
1016 1494 1151 1557 meam,
1185 1472 1222 1545 et

67 1637 82 1664 a
106 1607 237 1703 portae
250 1604 456 1682 inferorum
470 1633 543 1683 non
556 1607 709 1683 vincent
721 1606 885 1683 eam..Et
901 1605 968 1683 tibi
987 1603 1081 1680 dabo
1095 1601 1220 1678 claves

67 1769 82 1798 π
106 1738 223 1836 regni
242 1739 449 1817 coelorum:
471 1745 509 1817 et
522 1767 606 1843 quae
623 1740 804 1844 ligaveris
824 1743 1094 1843 superterram
1112 1738 1223 1812 erunt

68 1907 83 1935 a·
105 1869 237 1973 ligata
254 1878 291 1950 et
309 1875 347 1950 in
365 1876 469 1952 coelis
495 1907 502 1952 :
523 1879 560 1953 et
579 1901 824 1979 quaecumque
846 1875 1003 1953 solveris
1022 1897 1134 1976 super
1150 1875 1222 1947 ter-

69 2040 84 2060 ·-
107 2030 213 2094 ram,
235 2011 348 2085 erunt
368 2010 492 2088 soluta
515 2016 552 2088 et
574 2011 614 2087 in
638 1997 756 2088 nitelis.
779 2011 829 2088 Et
846 2011 983 2088 iterum
1001 2009 1121 2086 eidem
1139 2009 1223 2108 post

70 2175 85 2200 -2
108 2145 429 2222 resurrectionem
453 2171 562 2222 suam
583 2146 701 2223 dicit:
722 2139 843 2223 Pasce
861 2171 949 2223 oves
963 2169 1077 2221 meas.
1100 2145 1223 2237 Super

71 2280 264 2382 =[t'llara]
306 2312 434 2362 aarum
473 2289 634 2378 certificat
671 2288 865 2363 ecclesiam
902 2311 1030 2374 raam,
1075 2285 1126 2382 [et
1164 2280 1222 2357 illi

71 2447 87 2475 η
109 2416 323 2514 pascendas
340 2421 495 2498 mandat
517 2447 605 2498 oves
630 2425 746 2521 suast
774 2421 825 2498 Et
847 2421 1019 2523 quamvis
1044 2417 1223 2520 apostolis

72 2550 292 2627 ÷onrnibus
314 2554 411 2655 [post
435 2557 748 2633 resurrectionem
772 2559 893 2656 suam]
917 2580 1045 2658 parem
1064 2557 1224 2657 potesta·

72 2721 87 2748 ν·
109 2689 192 2762 tem
217 2687 360 2766 tribuat
384 2695 421 2768 et
445 2691 546 2768 dicat
572 2723 578 2768 :
605 2693 712 2770 Sicut
733 2692 837 2768 misit
860 2717 920 2767 me
942 2692 1072 2780 Pater,
1096 2697 1133 2767 et
1154 2715 1223 2792 ogo

72 2858 88 2888 a
109 2825 226 2900 mitto
244 2849 328 2914 vos;
349 2826 506 2929 accipite
524 2826 708 2929 Spiritum
727 2827 926 2914 Sanctum3
948 2826 979 2901 si
993 2827 1101 2926 cujus
1116 2825 1224 2901 remi-

73 2995 88 3022 n
110 2958 242 3035 seritis
267 2965 431 3062 peccata,
457 2961 695 3039 remittentur
721 2960 795 3049 illi,
822 2960 854 3036 si
878 2962 986 3062 cujus
1011 2958 1220 3048 tenueritis

74 3126 89 3147 .
111 3093 356 3182 tenebuntur,
372 3099 512 3184 tamen,
529 3108 573 3172 at
586 3098 778 3172 unitatem
791 3097 1075 3190 manifestaret,
1094 3095 1223 3194 [unam

74 3264 89 3291 π
111 3228 336 3307 cathedram
353 3232 576 3332 constituit],
596 3233 762 3308 diritatis
778 3236 950 3325 ejusdem
966 3232 1153 3326 originem
1176 3235 1221 3306 ab

75 3393 197 3446 »aaa
235 3369 483 3465 r'netnientem
517 3393 591 3444 aaa
631 3369 859 3444 auctoritate
898 3368 1099 3463 disposuit.
1138 3359 1221 3443 Hoc

76 3509 229 3581 »erant
257 3503 387 3604 utique
420 3507 458 3580 et
490 3502 604 3604 ceteri
634 3491 794 3604 apostoli
829 3501 927 3603 quod
962 3499 1036 3576 fuit
1070 3479 1221 3591 Petrus,

76 3672 92 3702 ν
113 3639 200 3740 pari
227 3637 413 3714 consortio
442 3636 590 3738 praediti
616 3639 653 3712 et
678 3635 830 3712 honoris
857 3639 893 3712 et
918 3635 1126 3738 potestatis,
1157 3643 1224 3713 sed

78 3775 325 3850 vecordiam
349 3777 394 3848 ab
420 3773 571 3848 unitate
588 3771 848 3866 proficiscitur
866 3770 917 3869 [et
942 3770 1126 3872 primatus
1150 3770 1222 3845 Pe-

78 3913 176 3986 ntro
207 3907 333 3998 datur,
366 3910 408 3984 ut
433 3932 510 3983 una
533 3905 678 3984 Christi
703 3904 862 3982 ecclesia
885 3909 922 3982 et
945 3905 1123 3983 cathedra
1146 3930 1223 3982 una

79 4085 94 4115 n
115 4050 360 4126 monstretur.
390 4048 440 4124 Et
469 4050 637 4149 pastores
663 4048 751 4122 sunt
776 4069 917 4134 omnes,
946 4050 983 4122 et
1008 4070 1100 4146 grex
1126 4071 1223 4121 unus

80 4222 94 4250 π
116 4185 341 4274 ostenditur,
361 4185 425 4287 qui
438 4186 485 4261 ab
499 4182 678 4286 apostolis
695 4183 867 4260 omnibus
885 4182 1054 4259 unanimi
1071 4207 1223 4259 consen-

81 4357 96 4386 s
118 4323 224 4399 sione
236 4321 429 4423 pascatur]
449 4329 493 4395 at
510 4318 664 4393 ecelesia
679 4317 851 4416 [Chresti]
871 4340 954 4391 aaa
971 4325 1220 4390 nmrtstretar.

81 4493 96 4521 κ
118 4459 245 4547 Quam
263 4481 378 4544 unam
396 4455 592 4532 ecclesiam
612 4452 725 4529 etiam
744 4453 785 4528 in
807 4451 964 4530 Cantico
982 4450 1225 4528 Cantioorum
