3180 5134
855 441 973 490 irruis.
997 429 1035 484 D.

668 645 718 696 Ex
734 645 821 698 actis
838 647 1028 712 Martyrum
1044 643 1226 708 anonymis.

419 801 478 865 11.
493 804 533 862 In
549 805 647 862 Actis
667 809 696 864 S.
718 808 903 865 Laurentii
920 821 989 877 quae
1001 807 1098 864 edidit
1113 806 1226 864 Sumus
1240 800 1278 875 (l)
1291 798 1414 870 refertur
1424 787 1485 854 Hip·

361 911 489 976 poiytus
504 912 633 978 quidam
649 913 748 978 mites,
769 914 821 966 cui
837 911 1047 968 Laurentium
1063 911 1260 966 tradiderant
1276 901 1482 962 motodiendum

365 1006 402 1060 ah
420 1007 475 1061 itae
486 1009 591 1061 saneto
608 1011 747 1074 martyre
763 1021 926 1064 conuersus
938 1007 1038 1078 fuisse
1058 1011 1087 1064 et
1103 1008 1277 1075 baptizatus
1290 1016 1355 1058 cum
1368 1001 1450 1054 deun
1460 995 1481 1048 et

365 1121 473 1162 novem
488 1109 584 1162 serris
599 1109 675 1176 suis,
689 1110 719 1163 et
732 1112 803 1176 post
817 1110 1009 1176 martyrium
1024 1107 1195 1164 Laurentii
1208 1108 1301 1175 nidus
1317 1113 1410 1170 aarum
1420 1105 1481 1162 sepe·

366 1207 478 1259 livisse.
498 1201 584 1264 Quod
602 1205 749 1258 ultimum
763 1206 809 1260 sic
828 1210 1005 1261 narratur.-
1021 1227 1034 1249 u
1053 1205 1155 1274 lisque
1169 1203 1274 1259 beatus
1290 1199 1409 1258 tusunus
1419 1201 1480 1261 litt·

365 1301 451 1370 byter
463 1301 494 1358 et
507 1301 717 1371 Hippolytus...
732 1302 868 1358 tulerunt
887 1317 995 1373 corpus
1009 1303 1083 1372 ejus,
1098 1301 1310 1370 venientesque
1329 1299 1355 1352 in
1366 1288 1479 1364 praellum

364 1397 463 1454 viduae
476 1398 607 1467 cyriaces
619 1399 670 1453 vis
679 1398 844 1468 Tiburtina,
856 1399 893 1454 ad
907 1413 999 1468 quam
1012 1399 1116 1455 beatus
1129 1397 1247 1466 martyr
1260 1393 1344 1451 nocte
1352 1381 1478 1448 teneret..-

365 1508 457 1563 usque
471 1495 501 1549 in
514 1508 670 1564 vesperem
684 1495 745 1550 illic
759 1495 969 1564 deposuerunt.
993 1497 1074 1551 Horu
1092 1495 1194 1550 eutem
1207 1489 1371 1562 vespertine
1384 1475 1479 1550 sepelie-

363 1592 435 1647 runt
444 1591 517 1646 illud
531 1591 561 1646 in
575 1591 680 1661 crypta
694 1592 743 1646 vis
760 1591 914 1648 Tiburtina
930 1593 960 1648 iu
977 1592 1081 1648 eodem
1095 1592 1226 1660 cyriaces
1239 1589 1336 1645 viduos
1348 1577 1447 1654 predio,
1456 1571 1477 1624 iu

363 1701 436 1758 agro
454 1675 581 1755 verano,
605 1689 712 1757 quarto
728 1687 794 1744 ldus
807 1689 942 1758 Augusti.
959 1715 973 1737 n
991 1688 1091 1745 Tertio
1104 1702 1174 1743 vero
1182 1689 1254 1755 post
1262 1686 1313 1740 die
1324 1673 1478 1747 Hippolytes

363 1797 432 1839 mim
445 1786 541 1838 seruis
560 1786 626 1838 suis
639 1786 762 1853 capitur
781 1789 811 1840 et
823 1787 990 1841 adducitur
1002 1786 1044 1840 ad
1061 1783 1201 1852 Decium,
1215 1796 1235 1837 a
1255 1795 1324 1850 quo,
1338 1775 1399 1846 post
1408 1765 1478 1824 varia

364 1883 519 1936 tormenta
532 1881 561 1934 ei
580 1881 713 1948 iusticia,
735 1882 875 1936 traditur
900 1879 1064 1936 Valeriano
1072 1879 1232 1950 prefecto.
1251 1876 1283 1934 Is
1300 1865 1476 1932 Concordiam,

363 1977 516 2030 nutricem
531 1973 706 2044 Hippolyti,
718 1977 805 2043 iubet
810 1977 981 2044 plumbatis
991 1977 1069 2031 coedi
1081 1987 1177 2044 usque
1189 1974 1231 2028 ad
1243 1973 1375 2027 mortem.
1384 1953 1477 2018 Deinde

363 2097 376 2116 a
388 2072 512 2140 jussit...
537 2072 570 2127 ui
585 2071 767 2141 inspectante
781 2071 949 2142 Hippolyte,
965 2085 1067 2127 omncs
1087 2067 1177 2134 [servi
1190 2065 1266 2137 ejus]
1286 2057 1477 2134 cepitetrunee·

360 2173 476 2236 rentur‚
497 2169 692 2238 decollatique
709 2171 779 2225 suni
797 2169 958 2239 promiscui
981 2182 1070 2225 sexus
1096 2167 1198 2222 decem
1224 2164 1255 2220 et
1277 2171 1387 2218 novem.
1404 2152 1477 2204 Porro
1551 2159 1552 2172 ³

361 2268 479 2323 beatum
500 2266 691 2336 Hippolytum
708 2267 810 2323 'voluit
828 2267 950 2337 pedibus
969 2267 1008 2322 ud
1034 2265 1112 2322 colla
1132 2263 1344 2320 indomitorum
1361 2257 1477 2324 equorum
1551 2241 1552 2280 t

359 2365 483 2436 ligatum
496 2379 550 2435 per
563 2363 689 2420 carduos
700 2365 730 2420 et
742 2364 867 2438 tribulos
881 2365 1005 2434 raptari.
1018 2363 1101 2429 Quod
1114 2378 1183 2419 cum
1198 2362 1294 2429 fleret,
1306 2361 1353 2416 ille
1365 2343 1478 2422 migravit

360 2463 397 2518 ud
421 2463 577 2518 Dominum
599 2482 606 2518 :
626 2462 790 2531 relictoque
812 2461 882 2518 sunt
903 2475 1030 2531 corpore
1052 2462 1225 2518 sanctorum
1246 2462 1278 2515 in
1297 2469 1393 2526 campo
1409 2443 1478 2520 jum

358 2562 534 2630 Nymphsm,
555 2561 592 2616 sd
608 2560 688 2616 latus
704 2561 769 2629 agri
787 2561 905 2626 Verani,
928 2559 1025 2616 ldibus
1044 2559 1180 2629 Augusti.
1203 2559 1298 2626 Nocte
1310 2555 1404 2612 eudem
1415 2543 1479 2602 vessit

356 2657 490 2713 iustinus
511 2656 683 2727 presbyter,
704 2656 886 2727 collectoque
909 2671 1012 2712 eorum
1039 2671 1166 2726 corpore
1188 2655 1294 2712 eodem
1314 2654 1375 2709 loco
1397 2640 1479 2714 sepeli-

357 2754 409 2809 vit.
427 2778 440 2800 n
455 2752 502 2808 De
516 2755 564 2807 nis
577 2755 653 2808 actis
665 2756 710 2807 ita
723 2751 930 2808 Bollandiani
939 2749 995 2826 (e).·
1009 2775 1021 2796 α
1039 2750 1294 2821 Quandoquidem
1308 2751 1411 2804 nostra
1421 2739 1478 2820 suit!

351 2854 460 2918 partes
478 2848 663 2906 Sanctorum
682 2848 763 2906 Actu
790 2849 965 2919 defendere,
985 2853 1139 2918 quantum
1158 2853 1246 2905 saiva
1269 2849 1393 2904 veritate
1412 2837 1479 2892 uotis
1550 2909 1551 2916 ἵ

356 2949 426 3002 ticet
439 2965 448 3002 .·
461 2949 604 3001 vellemus
625 2949 748 3014 quidem
767 2950 801 3000 ut
821 2950 887 3014 ilia,
911 2948 948 3001 de
970 2947 1080 3014 quimus
1093 2947 1326 3015 nuncupemus,
1347 2943 1478 3006 terminu
1550 2947 1551 2982 l

352 3045 552 3112 primipenia
574 3057 610 3098 ac
627 3045 750 3100 sincera
768 3045 810 3099 ad
827 3048 966 3100 nostrum
986 3047 1109 3099 estatem
1122 3038 1478 3112 persensissemus

358 3141 535 3207 istiusmodi
553 3153 616 3193 non
635 3141 698 3194 sint
712 3153 748 3196 ea
761 3141 920 3208 inprimis
940 3154 1009 3208 qum
1029 3141 1112 3208 apud
1130 3137 1262 3196 Sunium
1278 3141 1360 3194 edita
1374 3135 1477 3189 circum·

355 3237 516 3305 feruniur,
530 3239 640 3292 audire
652 3238 756 3304 juvat,
768 3239 923 3305 quodnam
935 3239 999 3292 uiri
1011 3239 1184 3293 eruditione
1191 3228 1374 3304 prestantes
1386 3231 1417 3284 de
1427 3221 1477 3280 ulis

348 3333 506 3399 jndicium
524 3333 705 3402 somnarint.
725 3329 883 3386 Baronius
898 3333 932 3386 in
950 3331 1157 3387 notationibus
1180 3332 1221 3386 ud
1243 3321 1476 3397 MartyroiOifflm

355 3425 531 3482 Romanum
545 3428 603 3483 tac
615 3429 665 3482 die
680 3426 714 3482 X
724 3426 861 3495 Aupusti
875 3442 883 3480 :
898 3425 1060 3483 Habentur
1072 3423 1229 3497 (ait)Acta
1239 3427 1306 3493 ejus
1319 3402 1477 3498 [Laurentii]

355 3525 439 3591 apud
451 3521 580 3578 Surium
598 3519 677 3578 ibm.
694 3523 757 3577 4....
769 3526 868 3577 mertia
879 3525 913 3576 in
925 3525 989 3577 iltis
1002 3523 1188 3592 spammutes,
1202 3524 1361 3589 multaque
1373 3503 1477 3572 ueritati

361 3619 525 3673 contraria
543 3629 605 3672 esse
617 3621 797 3672 noscuntur.
815 3643 828 3664 n
847 3616 966 3674 Deinde
973 3622 1043 3686 post
1057 3621 1185 3674 citatum
1196 3619 1330 3674 similem
1344 3614 1476 3672 censuram

357 3729 398 3770 ea
413 3713 533 3770 Annei.
548 3728 601 3770 an.
618 3715 682 3778 261,
698 3719 728 3769 ct
740 3717 838 3768 aliam
854 3713 943 3770 Card.
959 3713 1090 3780 Naristi,
1106 3717 1152 3769 ita
1167 3715 1352 3769 concludunt
1365 3726 1395 3764 :u
1414 3703 1477 3760 Dur
1549 3719 1550 3730 ¹

354 3811 407 3866 bus
422 3812 503 3866 hisee
515 3809 781 3865 Eminentissimis
794 3811 964 3878 superadde
973 3807 1113 3880 Papium
1126 3813 1161 3864 in
1177 3807 1294 3866 Oritica
1306 3805 1474 3864 Bentian,

353 3909 406 3964 ubi
423 3909 464 3963 ud
476 3921 595 3963 annum
608 3907 658 3962 261
674 3909 780 3961 scribit
791 3909 871 3961 ista:
885 3904 965 3962 Acta
978 3903 1010 3962 S.
1026 3904 1193 3963 Laurentii
1211 3906 1402 3976 supposititia
1417 3905 1475 3952 esti,

352 4007 469 4060 certum
490 4016 552 4058 esse
574 4001 656 4056 dedet
674 4005 804 4070 propter
824 4002 963 4056 rationes
982 4015 1002 4056 a
1015 3999 1155 4057 Bai-onio
1168 4003 1303 4071 aliisque
1315 4005 1349 4057 in
1367 3995 1475 4054 inedium

353 4103 511 4157 adductas.
526 4125 540 4148 n

380 4371 820 4440 (1)DemetattsSSJsietorimtdv.
828 4385 852 4432 p.
860 4377 911 4422 615.
970 4375 997 4430 (e)
1008 4373 1065 4420 Act.
1078 4371 1123 4420 SS.
1136 4375 1197 4421 tom.
1211 4373 1234 4420 ll
1244 4374 1307 4433 lup.
1321 4387 1345 4432 p.
1357 4375 1402 4420 511.
