3180 5134
468 478 581 524 rasnu.
604 475 640 523 on
662 475 833 523 nrrrosrro.
858 465 914 518 vl.
1230 454 1268 517 lt

142 646 185 711 7.
213 656 399 712 GREdoltitls
419 655 613 710 Turonensis
626 651 681 725 (ob.
697 667 749 710 aaa.
765 651 831 722 595)
850 648 937 706 illst.
954 651 1081 706 lirano.
1103 651 1124 706 l.
1141 652 1163 706 l.
1179 664 1205 706 c.
1218 652 1264 708 28.

97 779 111 801 u
124 757 187 813 Sub
202 757 347 816 Decio...
360 759 463 852 ,sixtus
478 760 638 829 Episcopus
654 759 797 816 Romanae
817 757 956 813 Ecclesiae
974 755 1004 811 et
1019 755 1195 810 Laurentius
1213 759 1265 812 Ar-

96 852 312 923 chidiaconus‚
324 856 354 914 et
364 855 539 927 Hippolytus
550 856 587 912 ob
601 855 744 911 Dominici
757 852 885 910 nominis
899 851 1113 910 contessionem
1125 865 1177 921 per
1187 865 1267 908 mar·

95 950 217 1020 tyrium
232 954 434 1010 consummati
447 953 526 1010 sunt.
545 979 559 1000 n
574 951 608 1026 (r)

143 1075 186 1139 8.
215 1082 389 1155 Inscriptio
406 1089 548 1156 antiqua.
572 1087 607 1158 (τ)

202 1227 217 1250 ..
232 1208 310 1261 Olim
321 1211 486 1277 sacrilegam
499 1225 581 1275 quam
593 1212 669 1263 misit
680 1212 787 1263 Graecia
797 1212 909 1264 turbam

273 1298 400 1364 Martyrii
412 1301 519 1352 meritis
532 1313 606 1352 nune
618 1301 748 1352 decorata
760 1300 831 1351 nitet

202 1384 275 1445 Quae
287 1387 378 1438 medio
390 1388 482 1454 pelagi
494 1389 588 1440 votum
599 1389 760 1440 miserabile
772 1388 840 1440 iecit

274 1472 402 1527 Reddere
413 1477 528 1528 funereo
540 1476 614 1528 dona
625 1476 747 1527 nefanda
758 1476 820 1528 dori

201 1560 314 1626 Ypoliti
325 1563 374 1614 sad
386 1565 476 1628 prima
487 1565 557 1616 tides
569 1565 717 1616 celestibus
730 1563 815 1614 armis

274 1648 392 1714 Respuit
403 1652 530 1704 insanam
543 1653 758 1718 pestiferamque
771 1653 845 1704 luem

204 1737 295 1796 Quem
308 1742 437 1792 monachi
449 1743 503 1794 ritu
515 1743 605 1794 tenuit
616 1742 749 1808 spelunca
759 1743 894 1795 latentem

275 1827 448 1882 ChristicolIs
460 1831 593 1897 gregibus
605 1830 686 1883 dulce
700 1831 791 1883 cubile
803 1844 906 1896 parans

205 1912 279 1965 Post
290 1916 364 1968 huno
375 1917 475 1970 adriae
486 1931 567 1970 sacro
579 1919 727 1970 mundatus
739 1918 768 1969 in
780 1932 861 1970 amne

217 1991 224 2003 ⁶
275 2003 313 2082 Et
324 2005 443 2059 Paulina
455 2020 506 2060 suo
518 2009 679 2060 consociata
688 2007 749 2058 vtro

509 2118 609 2172 XIII.
645 2119 685 2172 K.
720 2117 811 2171 IVN.
851 2129 868 2159 θ’

383 2291 435 2342 lix
451 2289 661 2342 monumentis
674 2287 762 2352 luris
780 2285 988 2352 apocryphis.
1047 2274 1052 2285 '

148 2431 192 2496 9.
208 2437 331 2496 Nomen
345 2441 494 2511 Hippolyti
511 2445 545 2497 in
558 2441 708 2497 veteribus
718 2440 868 2495 codicellus
877 2440 1050 2510 praefixum
1063 2443 1108 2494 est
1121 2440 1199 2496 libro
1216 2455 1261 2496 oc·

101 2543 177 2596 tavo
202 2543 510 2601 Constitutionum
531 2545 795 2615 Apostolorum.
818 2541 854 2616 (a)

150 2685 219 2751 10.
243 2695 440 2752 concilium
460 2699 655 2754 Romanum
675 2698 932 2767 (supposititium)
952 2700 1032 2768 quod
1054 2699 1193 2754 traditur
1210 2699 1262 2754 bo

100 2794 204 2851 bitum
221 2797 321 2865 fuisse
331 2798 490 2867 sylvestro
504 2800 537 2859 S.
553 2800 594 2858 P.
610 2818 663 2859 aa.
679 2801 744 2870 sal,
758 2805 822 2858 ltoec
834 2803 921 2858 babet
938 2816 1002 2871 cop.
1019 2803 1036 2859 2
1051 2821 1059 2857 :
1075 2825 1088 2847 u
1103 2801 1261 2857 Damnavit

100 2893 208 2949 autem
221 2893 393 2964 [sylvester]
405 2899 595 2969 Hippolytum
606 2900 763 2955 diaconum
777 2898 1052 2955 valentinianistam
1062 2899 1093 2954 et
1103 2898 1258 2955 callistum

100 2989 153 3055 qui
169 2989 202 3043 in
216 3003 271 3046 sua
283 2992 457 3050 extollentis
474 2995 630 3064 separabat
643 2995 819 3052 Trinitatem
837 2993 998 3068 [Superius
1015 2996 1091 3065 (eod.
1109 2995 1190 3065 cop.)
1207 2997 1259 3051 ba·

100 3081 220 3137 dentur
232 3083 297 3168 haec
310 3104 319 3140 :
336 3107 349 3131 a
365 3089 419 3150 Qui
430 3102 462 3144 se
476 3089 613 3147 callistus
626 3091 669 3147 ita
683 3090 784 3146 docuit
797 3091 1006 3158 sabellianum,
1021 3093 1055 3148 ut
1067 3093 1191 3148 arbitrio
1204 3106 1258 3148 suo

100 3177 207 3234 sumat
231 3193 322 3236 unam
341 3196 498 3250 personam
518 3199 583 3240 esse
602 3185 746 3242 trinitatis
770 3183 806 3251 n].
825 3187 862 3240 Et
873 3189 1032 3256 praesentia
1048 3189 1259 3258 Episcoporum

100 3265 349 3343 supradictorum
363 3279 394 3335 et
406 3281 649 3350 presbyterorum
666 3283 852 3352 aliorumque
865 3283 1011 3352 graduum
1025 3283 1177 3339 damnavit
1191 3269 1258 3355 Hip·
1320 3283 1323 3292 '

100 3373 253 3443 polytum,
267 3376 450 3436 Victorinum
464 3380 494 3435 et
507 3381 669 3438 callistum.
689 3382 725 3438 nt
738 3380 819 3438 dedit
832 3382 874 3437 eis
888 3381 1047 3438 anathema
1060 3383 1091 3438 et
1104 3381 1258 3439 damnarit

100 3485 154 3528 eos
170 3471 259 3527 extra
274 3473 359 3531 urbes
372 3489 451 3531 suas.
469 3502 482 3524 a
498 3477 533 3550 (a)

128 3751 159 3806 (ι)
177 3749 220 3797 Pe
227 3746 256 3797 L.
274 3755 293 3798 t
310 3753 398 3802 Lxxi.
417 3766 442 3812 p.
461 3757 508 3800 lib.
527 3779 555 3786 -
573 3754 668 3801 Auctor
696 3753 951 3810 rentioqullrabalur
962 3753 988 3800 iu
1003 3755 1065 3813 opp.
1081 3756 1106 3803 S.
1120 3755 1256 3816 rotgandi,

99 3842 250 3888 anonymus
272 3835 397 3881 mamonis
416 3835 448 3880 de
471 3835 495 3882 S.
519 3834 666 3892 Laurentio,
695 3834 855 3890 interspuria
864 3835 900 3890 (P.
911 3835 939 3880 1..
951 3837 968 3880 t.
979 3836 1055 3881 LXV.
1066 3848 1090 3892 p.
1100 3839 1158 3893 9³0).
1166 3863 1194 3870 -
1205 3837 1255 3884 Cir.

99 3921 169 3967 litteo
182 3919 306 3977 adscripti
320 3921 344 3969 s.
360 3921 501 3980 Augustino
513 3923 600 3979 (serm.
614 3925 665 3969 316.
695 3932 753 3979 pag.
766 3933 818 3979 aeq.
833 3924 889 3968 test.
906 3918 951 3966 11.

99 4002 130 4048 P.
149 4001 181 4047 1..
196 4002 215 4046 t.
233 4001 351 4048 xxxix.
370 4014 395 4059 p.
408 4005 480 4059 2351),
495 4004 661 4050 Laurentium
719 4004 746 4058 (a)
760 4004 807 4059 Ap.
821 4003 881 4048 Mai.
895 4002 987 4056 Smer.
1006 4002 1058 4048 Vct.
1073 4005 1091 4049 t.
1106 4003 1136 4049 V.
1150 4014 1174 4060 p.
1191 4005 1219 4048 36
1230 4006 1256 4049 et

99 4083 150 4129 sub
171 4081 289 4127 custodia
304 4081 436 4140 Hippolyti
454 4085 532 4131 luisse
548 4085 619 4139 dicit,
639 4087 665 4130 et
692 4095 734 4140 ap.
746 4094 781 4128 nn
793 4082 981 4141 Hoss1‚Roma
993 4083 1084 4129 Sotter.
1100 4086 1116 4130 t.
1129 4083 1149 4128 Ι.
1166 4095 1191 4139 p.
1204 4086 1254 4128 263.

98 4161 272 4218 Hippolytum
283 4160 369 4208 abillo
380 4163 413 4208 ad
423 4161 500 4210 fldem
511 4164 603 4210 christi
615 4163 664 4208 ml·
721 4163 915 4221 (altissimmus,
927 4163 984 4208 Ace.
995 4161 1078 4208 Mart.
1091 4165 1126 4206 acl
1136 4161 1187 4209 Ost.
1201 4159 1253 4206 Tib.

98 4241 219 4288 rabiliter
227 4250 378 4288 conversum
386 4254 451 4290 esse.
463 4267 491 4277 -
500 4244 667 4300 Hippolytum
696 4253 721 4298 p.
735 4245 784 4288 134.
796 4265 824 4274 —
832 4242 894 4288 lnde
906 4243 935 4289 P.
948 4242 977 4288 (l.
990 4244 1008 4287 t.
1019 4241 1041 4290 I.
1054 4252 1078 4297 p.
1089 4245 1138 4296 52³.

98 4325 200 4372 socium
214 4323 347 4370 Laurentii
358 4313 386 4371 ln
397 4327 522 4383 martyrio
533 4326 628 4372 indicat
639 4329 665 4370 et
721 4327 748 4382 (a)
757 4325 853 4381 Marsi,
867 4324 942 4373 Cone.
954 4329 972 4370 t.
984 4325 1004 4371 1.
1018 4336 1041 4381 p.
1054 4327 1105 4371 623.

97 4407 190 4452 auctor
205 4413 352 4459 anonymus
368 4406 493 4452 sermonis
510 4406 542 4452 de
561 4405 586 4452 s.
600 4405 665 4450 Lau-
