3180 5134
436 483 473 531 ns
492 481 632 532 cournov.
652 480 733 530 unca
751 479 831 530 narr.
854 477 964 530 ransc.
1239 463 1271 526 u

134 654 324 713 adversarios
345 654 450 712 Christi
469 654 500 712 et
517 651 704 710 antichristos
723 651 894 724 appellatos,
915 651 1030 722 quando
1053 651 1090 716 ad
1112 651 1267 708 ecclesiam

134 754 283 821 venerint,
297 754 381 810 unico
394 753 524 810 ecclesiae
547 752 687 822 baptismo
701 750 887 821 baptizandos
899 763 973 818 esse,
986 748 1020 807 ut
1032 749 1144 822 possint
1156 747 1220 807 fleri
1233 750 1269 807 de

134 849 315 906 adversariis
327 850 412 906 amici
425 849 455 906 et
467 849 504 906 de
516 848 696 905 antichristis
709 847 872 905 christiani.
889 872 903 897 n
914 845 950 922 (r)

291 1015 496 1082 &humarus
516 1024 727 1079 crasmarus
746 1019 832 1079 illst.
853 1020 944 1078 Eccl.
966 1022 1029 1079 bb.¹
1045 1018 1114 1080 VII.

173 1171 247 1244 Cap.
261 1172 305 1234 II.
322 1199 335 1221 a
351 1177 464 1234 Interea
480 1179 580 1234 Roma
595 1191 664 1234 cum
682 1177 833 1234 cornelius
851 1177 946 1234 trihus
961 1176 1080 1234 circiter
1094 1177 1178 1234 annis
1193 1176 1268 1249 epis·
1302 1171 1307 1178 '

133 1275 274 1344 copatum
292 1275 444 1344 tenuisset,
465 1277 570 1334 Lucius
589 1277 619 1334 in
637 1278 702 1348 ejus
722 1277 821 1335 locum
840 1277 1037 1336 substituitur.
1058 1280 1113 1346 Qui
1131 1279 1182 1336 vix
1201 1279 1268 1336 octo
1297 1351 1300 1356 ,

133 1373 279 1430 mensium
301 1375 394 1445 spatio
414 1375 583 1444 peritrnctus
602 1390 636 1432 eo
659 1390 781 1434 munere
807 1375 937 1432 moriens
955 1376 1118 1448 episcopale
1139 1377 1267 1434 officium

133 1468 281 1540 Stephano
303 1471 465 1543 dereliquit.
490 1473 532 1530 Ad
559 1473 637 1530 hunc
661 1473 841 1544 Stephanum
867 1473 1022 1543 Dionysius
1044 1471 1266 1548 [Menandrinus

132 1567 296 1644 episcopus]
314 1573 437 1642 primam
457 1585 559 1628 earum
577 1585 643 1642 quae
663 1571 699 1628 de
718 1570 864 1643 baptismo
883 1572 1056 1643 conscriptae
1075 1573 1143 1629 sunt
1161 1572 1266 1645 episto·

132 1660 193 1721 lam
211 1669 355 1737 exaravit,
370 1684 437 1726 cum
454 1685 507 1741 per
523 1670 551 1726 id
569 1669 685 1740 tempus
701 1685 759 1726 non
774 1669 930 1727 mediocris
946 1671 1147 1728 controversia
1163 1671 1267 1728 exorta

85 1765 93 1780 “
132 1765 223 1832 essct,
240 1767 340 1824 utrum
353 1783 413 1836 eos,
430 1769 480 1840 qui
496 1784 534 1825 ex
547 1769 677 1840 qualibet
689 1769 795 1826 haeresi
808 1768 1031 1837 convertuntur,
1042 1769 1185 1840 baptismo
1198 1783 1266 1839 pur·

131 1862 197 1929 gari
215 1864 373 1934 oporteret.
396 1867 505 1938 Quippe
518 1867 639 1937 antiqua
651 1866 834 1924 consuetudo
847 1866 1021 1935 invaluerat,
1036 1866 1070 1923 ut
1081 1867 1110 1923 in
1123 1867 1266 1937 ejusmodi

31 1951 34 1960 '
133 1957 304 2022 hominibus
318 1965 383 2021 sola
395 1981 535 2023 manuum
547 1967 694 2037 impositio
707 1982 773 2024 cum
787 1966 1000 2038 precationibus
1013 1966 1208 2025 adhiberetur.

172 2079 246 2154 Cap.
262 2083 322 2144 III.
340 2113 353 2134 n
369 2088 486 2145 Primus
502 2087 632 2144 omnium
649 2089 822 2160 cyprianus,
838 2090 888 2160 qui
903 2089 973 2146 tunc
989 2088 1128 2160 temporis
1145 2088 1263 2147 cartha·

133 2178 284 2248 ginensem
303 2185 424 2255 regebat
441 2186 606 2254 ecclesiam,
623 2186 736 2242 nonnisi
755 2201 807 2257 per
825 2185 1002 2257 baptismum
1017 2185 1054 2242 ab
1070 2199 1170 2242 errore
1182 2187 1263 2256 prius

131 2284 300 2354 mundatos,
317 2287 512 2344 admittendos
525 2303 588 2344 esse
602 2287 724 2344 censuit.
740 2290 848 2344 Verum
862 2286 1024 2358 Stephanus
1037 2286 1109 2342 nihil
1121 2285 1262 2344 adversus

131 2377 329 2454 traditionem,
340 2400 405 2456 quae
413 2387 476 2457 jam
489 2387 555 2444 inde
567 2387 604 2442 ab
616 2386 727 2444 ultimis
739 2386 919 2457 temporibus
931 2385 1109 2452 obtinuerat,
1119 2385 1261 2441 innovan-

132 2475 204 2537 dum
216 2481 310 2551 ratus,
324 2485 497 2554 gravissime
510 2485 538 2540 id
551 2484 629 2542 tulit.
661 2535 664 2543 .

169 2599 242 2674 cop.
259 2603 316 2663 IV.
333 2632 347 2654 η
361 2607 404 2664 Ad
414 2607 492 2664 hunc
504 2607 604 2678 igitur,
618 2606 652 2663 ut
664 2607 735 2673 dixi,
749 2606 843 2663 multa
855 2606 891 2663 de
903 2606 960 2663 hoc
971 2604 1145 2676 argumento
1155 2605 1260 2678 Diony·

130 2699 191 2758 sius
204 2717 258 2773 per
270 2704 384 2762 litteras
398 2706 559 2776 scripsit...

167 2825 239 2898 Cap.
263 2827 295 2885 V.
312 2854 325 2878 n
402 2829 537 2886 Ceterum
553 2843 620 2885 cum
638 2827 802 2899 Stephanus
820 2827 976 2884 ecclesiam
991 2827 1105 2884 biennio
1124 2827 1261 2885 adminis-

127 2919 247 2992 trasset,
261 2927 374 2996 Xystus
387 2927 416 2982 in
430 2926 493 2997 cJus
506 2927 603 2983 locum
617 2926 768 2982 successit.
785 2925 828 2981 Ad
845 2925 922 2982 hunc
935 2925 1088 2995 Dionysius
1101 2927 1259 2983 secundam

126 3016 161 3074 dc
175 3021 320 3093 baptismo
337 3025 455 3096 scripsit
471 3024 624 3095 epistolem
639 3044 645 3080 :
661 3023 692 3080 in
705 3037 764 3093 qua
776 3021 914 3092 Stephani
931 3020 1018 3078 simul
1031 3036 1066 3077 ac
1078 3022 1259 3094 reliquorum

126 3117 329 3190 episcoporum
348 3122 521 3178 sententiam
538 3137 573 3178 ac
588 3120 734 3191 judicium
756 3119 886 3190 exponit,
908 3119 943 3176 de
963 3119 1108 3190 Stephano
1127 3121 1169 3179 ita
1187 3123 1258 3179 scri·

125 3210 195 3273 bens
208 3239 215 3275 :
230 3219 323 3276 Antea
336 3220 453 3290 quidem
462 3219 576 3276 litteras
589 3219 749 3290 scripserat
759 3219 795 3274 de
806 3217 926 3286 Heleno,
938 3218 968 3275 et
980 3217 1017 3274 de
1030 3219 1208 3287 Firmilieno‚
1222 3222 1259 3277 de

125 3313 260 3372 omnibus
273 3316 397 3387 denique
409 3316 607 3374 sacerdotibus
621 3331 674 3387 per
691 3315 831 3383 ciliciam,
852 3313 1062 3386 cappadociam
1080 3317 1258 3388 cunctasque

124 3407 263 3470 finitimas
279 3415 444 3484 provinciae
460 3415 640 3482 constitutis;
655 3430 719 3472 sese
732 3415 769 3472 ob
783 3429 847 3470 cam
861 3427 980 3470 causam
993 3415 1029 3470 ab
1047 3415 1164 3472 illorum
1181 3431 1258 3474 com-

124 3509 263 3565 munione
282 3511 491 3578 discessurum,
505 3511 582 3581 quod
596 3511 749 3570 haereticcs
761 3509 986 3582 rebaptizarent.
1000 3513 1041 3569 Ac
1054 3513 1131 3582 vide,
1145 3529 1255 3584 quaeso,

124 3607 299 3671 maritalem
318 3608 435 3680 negotii.
454 3611 567 3666 Revera
583 3609 661 3667 enlm
677 3612 706 3666 in
722 3610 869 3676 maximis,
888 3609 922 3665 ut
936 3608 1034 3677 audio,
1051 3611 1255 3682 episcoporum

125 3705 255 3761 conciliis
274 3705 425 3764 decretum
444 3708 497 3778 est,
520 3709 554 3764 ut
572 3707 622 3778 qui
640 3708 676 3763 ab
695 3706 841 3764 haereticis
858 3705 894 3762 ad
911 3706 1085 3764 catholicam
1100 3708 1254 3766 ecclesiam

123 3804 276 3873 accedunt,
296 3808 424 3876 primum
444 3806 645 3863 catechumeni
665 3804 779 3872 flerent,
799 3819 834 3861 ac
852 3802 956 3860 deinde
971 3803 1081 3861 veteris
1101 3805 1131 3862 et
1147 3806 1277 3877 impuri.

125 3895 260 3958 fermenti
280 3903 413 3960 sordibus
432 3918 485 3974 per
505 3903 682 3974 baptismum
699 3903 906 3975 purgarentur.
927 3904 967 3958 De
986 3901 1031 3958 his
1050 3903 1184 3960 omnibus
1200 3919 1255 3975 ego

124 3995 160 4052 ad
173 3999 259 4056 illum
278 4001 430 4072 epistolam
448 4003 524 4069 misi,
543 4015 650 4072 rogans
667 4001 755 4072 atque
770 4000 929 4058 obtestans.
943 3999 979 4056 Et
997 3999 1145 4070 aliquanto
1162 4003 1228 4072 post
1245 4023 1252 4060 ε

125 4090 179 4150 Sed
193 4097 225 4154 et
237 4097 406 4166 carissimis,
421 4099 525 4169 inquit,
539 4098 679 4156 fratribus
692 4099 722 4156 et
734 4097 978 4168 compresbyteris
994 4097 1102 4154 nostris
1117 4097 1254 4170 Dionysio

124 4199 158 4246 ac
175 4193 348 4264 Philemoni,
365 4195 415 4266 qui
432 4197 513 4266 prius
530 4197 607 4252 idem
627 4210 693 4252 cum
713 4196 858 4267 Stephano
877 4194 1028 4251 senserant
1043 4192 1135 4264 deque
1152 4195 1252 4252 iisdem

152 4471 180 4530 lq
190 4474 219 4522 P.
234 4473 262 4521 1..
275 4477 293 4521 t.
306 4473 350 4522 lli.
363 4487 388 4533 p.
402 4478 456 4523 1051
467 4487 521 4534 sqq.
