3132 5140
294 451 359 498 cnr.
382 453 420 498 rr.
443 451 561 508 bouum
583 453 619 500 rx
641 453 686 500 urs
707 453 939 502 ncouslrroumus
956 457 1022 502 uro.
1182 447 1241 506 ‘llo

87 623 168 695 tum
185 618 374 696 mundum
391 616 625 719 divulgatam
644 643 725 696 esse
738 623 789 718 (r).
807 620 849 697 Id
868 624 967 698 certe
984 647 1061 699 non
1078 624 1242 706 obtinuit
1344 603 1347 608 ⁵

88 754 275 833 Callistus
301 779 368 858 per
390 755 506 832 libros
530 755 664 857 quibus
691 781 774 833 eam
798 757 955 834 suadere
978 763 1137 836 conatus
1159 763 1236 841 sit:
1272 783 1274 786 ·
1379 853 1382 860 .

88 915 209 992 neque
237 890 338 967 enim
363 889 460 966 ullos
486 889 601 967 libros
631 890 827 993 scripsisse
849 890 1024 980 refertur,
1054 917 1174 995 neque
1199 896 1239 973 hi

87 1027 164 1100 tam
188 1023 299 1100 brevi
321 1028 488 1124 tempore
512 1049 579 1127 per
601 1029 725 1102 totum
747 1026 929 1102 mundum
950 1027 1077 1129 spargi
1098 1031 1237 1130 potuis·

87 1161 179 1234 sent.
203 1157 309 1259 Ergo
322 1182 389 1260 per
409 1159 672 1236 auctoritatem
691 1184 765 1262 qua
783 1161 971 1262 gaudebat
988 1165 1031 1239 ut
1045 1162 1248 1254 Pontifex,¹

90 1292 203 1396 idque
221 1294 263 1370 in
280 1298 358 1372 toto
376 1295 465 1372 orbe
482 1295 702 1374 christiano.

137 1493 176 1575 3.
209 1511 251 1576 3ο
282 1495 385 1574 Idem
414 1497 611 1575 dicendum
641 1499 687 1576 de
716 1501 941 1580 auctoritate
976 1502 1239 1583 Romanorum

88 1632 321 1709 Pontificum
339 1632 440 1710 circa
462 1632 700 1736 disciplinam
718 1626 1024 1712 aeclesiasticam.
1047 1636 1239 1716 Nimirum

88 1765 329 1869 imputantur
359 1768 517 1847 Callisto
532 1771 682 1866 ¹abusus
713 1770 866 1873 quidam
892 1771 956 1873 qui
984 1774 1235 1864 obtinuerant,

88 1925 160 1978 non
184 1903 228 1978 in
248 1902 405 1981 ecclesia
427 1903 603 1982 Romana
625 1904 686 1982 vel
711 1905 750 1981 in
773 1905 898 1994 Italia,
924 1906 987 1982 sed
1012 1907 1051 1982 in
1072 1908 1238 1986 ecclesiis

87 2035 353 2114 remotioribus
372 2040 427 2136 (e);
447 2037 522 2114 imo
545 2044 583 2115 et
602 2039 799 2141 permissio
821 2039 888 2116 illa
910 2041 1140 2118 matrimonii
1158 2042 1236 2121 dia·

89 2173 194 2251 conis
218 2200 406 2265 concessa,
432 2201 546 2278 quam
571 2201 727 2280 carpere
751 2177 902 2256 videtur
928 2179 1158 2283 Hippolytus
1183 2185 1235 2280 ()‚

91 2310 130 2386 in
159 2311 252 2389 solis
282 2312 448 2389 ecclesiis
479 2313 736 2392 Orientalibus
766 2313 890 2391 locum
922 2315 1098 2391 habuisse
1122 2315 1235 2392 refer·

88 2449 150 2520 tur
164 2449 216 2544 (4).
238 2493 285 2502 -
303 2446 396 2523 Inde
415 2447 541 2550 itaque
562 2446 690 2549 colligi
712 2453 845 2551 potest,
870 2472 915 2524 ea
932 2452 1043 2525 aetate
1062 2447 1235 2526 Romano

89 2581 266 2659 Pontifici
291 2583 457 2684 agnitam
480 2584 596 2660 fuisse
617 2586 859 2684 potestatem,
883 2583 959 2659 imo
983 2587 1020 2658 et
1043 2581 1237 2684 obligatio-

90 2742 187 2806 nem,
216 2719 441 2822 invigilandi
465 2720 672 2821 integritati
697 2719 905 2821 disciplinae
929 2745 996 2824 per
1020 2719 1235 2798 universam

91 2855 298 2934 ecclesiam.

140 3042 180 3126 4.
196 3063 237 3127 4⁰
255 3049 448 3124 Praeterea
465 3072 511 3123 ex
528 3049 767 3125 accusatione
784 3050 915 3124 contra
934 3045 1135 3123 Callistum
1153 3071 1235 3146 pro

90 3175 181 3268 lata,
207 3179 304 3281 quod
328 3180 564 3258 constituerit
587 3182 778 3284 episcopos
798 3181 862 3283 qui
884 3185 1097 3283 peccarent,
1119 3180 1234 3257 etiam

91 3313 136 3388 ad
166 3319 339 3404 mortem,
366 3320 564 3419 propterea
588 3318 716 3394 statim
740 3317 974 3421 deponendos
1001 3342 1076 3393 non
1099 3341 1178 3392 esse
1196 3320 1233 3416 (5)

92 3449 327 3528 concluditur
343 3453 424 3554 jam
442 3457 523 3531 tum
541 3453 715 3532 Romano
733 3453 910 3530 Pontifici
929 3451 1101 3553 agnitum
1120 3451 1235 3528 fuisse

90 3581 151 3681 jus
181 3586 369 3664 statuendi
395 3589 439 3664 de
463 3587 721 3691 episcoporum
747 3588 883 3676 causis,
917 3611 1048 3664 eorum
1072 3585 1235 3688 appella-

94 3715 209 3794 tiones
233 3719 437 3822 recipiendi
455 3722 714 3824 depositosque
738 3720 971 3798 restituendi.
1002 3720 1117 3798 Secus
1135 3721 1235 3797 enim

97 3850 243 3930 omnino
272 3853 385 3931 inane
418 3858 455 3932 et
488 3855 659 3933 inefficax
693 3857 827 3934 luisset
847 3853 1076 3968 ¹hujusmodi
1111 3853 1235 3934 decre-

128 4188 376 4246 utPauos.1x.13
391 4191 649 4260 (apponupognn.
685 4197 844 4248 nationibus
873 4195 1045 4260 trigamorum
1075 4192 1140 4256 (Otr.
1170 4195 1236 4245 ibid.

126 4282 154 4342 (ι)
166 4279 219 4331 Csr.
228 4295 315 4346 supra
332 4281 397 4348 Cap.
407 4284 459 4337 Ill.
468 4284 562 4344 NN.8.
572 4287 597 4348 9,
609 4287 648 4337 12.
683 4287 717 4338 N.
731 4289 770 4350 8);
784 4287 841 4346 sed,
854 4286 885 4336 ut
897 4282 1053 4334 monuimus
1066 4281 1153 4345 libid.)
1165 4283 1237 4332 rosu-

130 4371 159 4434 la)
171 4371 225 4422 Ctr.
238 4372 306 4423 ibid.
319 4373 354 4424 N.
367 4375 391 4424 9.
686 4377 781 4428 tantur
791 4389 826 4427 ex
837 4370 995 4425 testimonio
1007 4369 1178 4433 Hieronymi.
1233 4435 1237 4441 ι

129 4461 159 4522 (r)
169 4459 245 4512 ldem
257 4463 398 4515 arllrmant
409 4464 522 4527 quidam
536 4466 570 4516 de
582 4465 653 4518 ordi·
720 4471 751 4530 (a)
761 4465 817 4518 Otr.
831 4465 898 4516 ibid.
911 4462 945 4513 N.
962 4462 999 4512 12.
