3134 5142
351 464 391 524 llO
546 481 618 526 mss,
641 481 671 526 ΙΙ.
694 481 731 525 nn
751 454 889 526 comnov.
914 481 996 526 cinca
1017 481 1170 529 celebrer.
1194 481 1294 527 rascu.

401 659 439 742 3.
457 663 625 741 Soterem
639 664 778 748 autem,
794 659 942 738 Aniceti
961 685 1213 738 successorem
1232 663 1306 758 (an.
1329 663 1507 752 168176)

350 795 494 899 aliquid
518 796 619 873 circa
642 794 842 902 Paschatis
866 794 1153 872 celebrationem
1170 794 1420 882 constituisse,
1445 794 1509 868 vi-

352 931 461 1007 detur
477 929 648 1008 concludi
671 955 778 1032 posse
798 954 844 1006 ex
860 929 985 1007 verbis
1004 930 1155 1009 Inuum
1177 960 1183 1006 :
1209 966 1224 994 α
1247 929 1321 1008 Sed
1339 933 1375 1006 et
1391 953 1508 1031 pres-

351 1100 366 1130 a
388 1063 508 1166 byteri
523 1062 577 1140 illi
591 1064 669 1162 tait,
685 1062 931 1141 adVictorem
945 1064 1136 1163 scribens),
1153 1064 1216 1166 qui
1230 1075 1320 1140 arete
1328 1069 1507 1140 Soterem

352 1236 367 1266 :-
390 1198 599 1288 ecclesiam,
623 1199 683 1275 cui
706 1205 748 1276 tu
773 1225 872 1276 nunc
897 1225 1030 1302 praece,
1051 1201 1354 1302 gubernarunt...
1374 1223 1505 1300 neque

352 1369 367 1389 -
389 1331 461 1433 ipsi
479 1357 645 1434 unquam
663 1335 912 1412 observarunt
930 1335 1096 1434 [Pascha
1113 1358 1216 1410 more
1233 1333 1502 1432 Asianorum,

350 1501 366 1530 a
389 1489 507 1565 neque
524 1465 583 1541 his
602 1466 666 1568 qui
684 1492 770 1543 cum
787 1467 879 1569 ipsis
898 1473 1006 1545 erant
1027 1471 1071 1545 ut
1092 1467 1129 1543 id
1153 1467 1394 1543 observarent
1408 1491 1504 1567 per-

350 1635 366 1664 a
387 1600 584 1678 miserunt.
613 1602 688 1703 Ipsi
712 1606 838 1679 tamen
860 1628 946 1679 cum
970 1603 1041 1679 hoc
1060 1601 1216 1679 minime
1235 1603 1501 1684 observarent,

348 1769 364 1797 π
386 1757 516 1834 pacem
540 1734 784 1812 nihilominus
802 1735 973 1812 colebant
994 1759 1083 1813 cum
1103 1735 1149 1810 iis
1166 1735 1231 1835 qui
1250 1734 1296 1810 ad
1316 1758 1353 1809 se
1371 1732 1503 1809 venis-

346 1905 362 1932 υ
385 1873 467 1946 sent
490 1893 536 1946 ex
562 1870 727 1947 ecclesiis
758 1871 796 1946 in
826 1871 961 1973 quibus
992 1871 1029 1947 id
1060 1871 1342 1948 observabatur.
1368 1870 1503 1964 Atqui

349 2040 364 2070 a
386 2009 639 2094 observantia,
660 2010 760 2083 inter
777 2033 838 2085 eos
854 2011 924 2104 qui
936 2010 1096 2085 minime
1109 2011 1368 2092 observabant,
1385 2017 1500 2081 ta-nto

348 2178 364 2206 a
386 2145 511 2238 blopis
527 2146 724 2222 econtrario
738 2147 950 2221 videbatur.
972 2146 1051 2221 Nec
1069 2142 1137 2220 ulli
1152 2166 1319 2244 unquam
1333 2142 1379 2218 ob
1396 2142 1500 2242 ejus-

347 2277 485 2352 nmodi
521 2277 828 2354 consuetudinem
862 2277 991 2378 rejecti
1023 2280 1124 2353 sunt.
1158 2275 1302 2352 Verum
1327 2273 1383 2350 illi
1418 2273 1497 2376 ipsi

345 2446 361 2476 a
383 2411 447 2512 qui
470 2417 506 2489 te
529 2417 802 2514 praecesserunt
823 2412 1048 2516 presbyteri,
1075 2411 1250 2513 quamvis
1272 2411 1310 2487 id
1336 2409 1496 2486 minime

344 2546 636 2636 observarent,
668 2547 911 2626 ecclesiarum
944 2547 1171 2650 presbyteris
1200 2547 1265 2648 qui
1296 2546 1333 2623 id
1363 2547 1493 2624 obser-

344 2678 534 2766 vehant,
505 2681 887 2759 teucharistiamt
870 2682 1162 2759 transmiserunt
1199 2685 1295 2779 (ι)
1334 2681 1394 2758 Ex
1431 2683 1494 2758 his

339 2811 407 2890 ult'
381 2815 483 2891 timis
507 2817 664 2894 verbis
656 2819 773 2921 igitur
796 2820 923 2921 colligi
941 2819 1044 2897 videt
1027 2825 1104 2904 tur
1132 2819 1301 2898 Soterem
1319 2821 1490 2922 quidem

340 2949 438 3028 sicut
450 2955 487 3028 et
501 2951 662 3055 reliquos
681 2956 846 3034 Victoris
860 2958 1163 3059 praedecessores
1184 2958 1489 3036 communionem

339 3110 508 3162 servasse
529 3112 616 3163 cum
637 3088 802 3169 ecclesiis
819 3117 905 3193 quae
927 3092 1078 3170 Pascha
1101 3093 1195 3168 XIV
1212 3093 1304 3170 luna
1325 3093 1490 3172 celebra-

337 3219 443 3306 bant;
470 3243 516 3296 ex
545 3223 839 3322 praecedentibus
856 3231 996 3316 autem,
1020 3233 1107 3306 ante
1127 3229 1295 3307 Soterem
1318 3233 1489 3332 potuisse

337 3476 409 3528 nodo
428 3477 608 3531 OEcumenica
628 3481 711 3533 croit
732 3496 777 3536 an.
798 3487 891 3536 aco-70
926 3509 938 3528 n
952 3489 1040 3539 nodus
1053 3487 1177 3540 definivit
1189 3489 1360 3541 tremendam
1373 3493 1404 3542 et
1417 3491 1485 3542 salu-

337 3564 438 3628 babita)
450 3567 597 3619 concilium
610 3570 660 3622 hac
673 3573 816 3625 occasione
829 3573 885 3625 Ro·
922 3597 933 3612 a
947 3578 1034 3626 tarem
1045 3576 1153 3628 Domini
1165 3578 1251 3629 nostri
1263 3579 1331 3629 Jesu
1345 3579 1485 3632 christini

336 3668 388 3706 mae
407 3656 575 3710 celebratum
595 3661 679 3712 refert
699 3679 705 3714 :
728 3684 741 3705 a
763 3663 890 3728 synodus
924 3688 936 3706 v
950 3666 1000 3718 Dei
1015 3668 1172 3732 passionem
1186 3669 1214 3719 in
1231 3671 1486 3735 sancteparesceve

337 3745 454 3797 -divina
471 3749 498 3797 et
514 3751 611 3800 sancte
625 3753 803 3814 provincialis
819 3755 886 3818 (ait),
923 3779 934 3798 ν
948 3759 1062 3821 mystice
1079 3759 1282 3822 celebrandam,
1300 3763 1482 3815 resurrectio-

337 3833 457 3885 „Roma
488 3841 657 3904 congregata
686 3855 702 3890 a
732 3823 890 3895 beatissimo
925 3869 937 3888 a
952 3859 1015 3896 nem
1027 3849 1119 3898 autem
1132 3848 1192 3900 ritae
1204 3850 1356 3901 auctricem
1365 3851 1430 3915 ipsa
1441 3866 1479 3903 ce·

336 3922 484 3982 ··Aniceto‚
509 3926 630 3988 ejusdem
651 3930 728 3980 urbis
753 3945 840 3996 papa,
865 3933 892 3984 et
927 3935 1025 3985 -lebri
1053 3938 1081 3988 et
1115 3951 1217 4002 magna
1239 3939 1379 3990 dominica
1409 3939 1481 3994 omni
1545 3969 1546 4001 p

337 4033 348 4052 n
363 4011 516 4078 Polyearpo
528 4017 624 4068 sancto
634 4021 755 4084 martyre
767 4021 890 4086 Smyrnae
925 4045 936 4065 ν
952 4024 1032 4075 modo
1064 4039 1125 4077 esse
1148 4028 1333 4091 peragendam
1358 4053 1371 4072 u
1402 4031 1479 4094 (Coti.

336 4121 347 4136 κ
361 4099 499 4164 episcopo,
510 4102 625 4166 aliisque
635 4106 772 4172 episcopis
783 4109 888 4170 deceni,
926 4111 1005 4164 Cone.
1025 4115 1091 4164 tom,
1110 4114 1130 4164 l.
1152 4117 1186 4164 ad
1209 4129 1253 4166 an.
1270 4119 1333 4180 165).
1352 4119 1408 4170 Sed
1426 4124 1480 4172 haec
1544 4109 1545 4131 ¹

335 4189 515 4241 ucontraeos
535 4193 711 4255 quidudaico
728 4200 887 4252 morelune
921 4203 1066 4254 manifeste
1094 4204 1253 4270 discrepant
1279 4220 1295 4256 a
1323 4211 1480 4262 narratione
1543 4229 1544 4263 i

335 4278 889 4343 udecimaquartadivinumcelebrebant
922 4291 1027 4343 irenaei.

335 4395 346 4408 ν
361 4376 600 4441 pensitandisque
615 4381 714 4433 ritibus
730 4385 757 4434 et
772 4385 844 4449 typis
855 4387 883 4436 id
950 4387 980 4452 (r)
993 4388 1119 4453 Appond.
1133 4403 1195 4456 pag.
1209 4386 1302 4454 apost
1318 4393 1391 4444 med.

334 4485 345 4504 κ
360 4462 450 4533 ipsum
462 4467 649 4532 perficiebant.
664 4470 729 4524 Haec
741 4473 826 4538 igitur
838 4474 886 4540 sy-
