3208 5150
317 379 355 438 tt
611 393 692 441 ‘nisa
716 399 738 442 ι.
761 395 798 440 ne
817 396 887 443 non.
910 397 935 442 s.
960 397 1039 443 narni
1062 396 1149 444 nrrsc.

316 583 377 635 ros
395 558 474 635 sive
491 559 682 662 episcopos
699 561 965 663 praeficiebant,
984 565 1028 639 ut
1051 562 1192 639 mutuis
1210 561 1363 639 auxiliis
1382 563 1470 638 suf-

315 698 414 788 fulti,
443 698 490 775 ad
516 699 798 801 propagandam
822 701 862 777 in
889 702 1122 780 suburbanas
1148 702 1317 804 regiones
1345 702 1467 778 fidem

316 834 539 911 sufficerent.
573 833 683 911 Unde
717 833 830 911 Pauli
859 835 1069 914 exhortatio
1103 836 1151 913 ad
1181 834 1466 938 presbyterium

253 1047 256 1052 .
314 969 479 1047 ecelesiae
501 969 702 1072 Ephesinae
726 969 785 1046 his
808 968 933 1046 verbis
956 969 1165 1072 coneipitur
1191 1001 1198 1046 :
1227 1005 1243 1036 ιι
1263 967 1464 1047 Attendite

312 1103 418 1181 vobis
439 1108 476 1181 et
499 1104 675 1181 universo
705 1103 824 1205 gregi,
848 1103 888 1180 in
912 1128 985 1207 quo
1012 1128 1079 1181 vos
1102 1104 1267 1207 Spiritus
1291 1104 1462 1182 Sanetus

312 1239 437 1340 posuit
460 1238 649 1340 episcopos
672 1261 800 1340 regere
821 1237 1015 1316 eeclesiam
1037 1239 1106 1315 Dei
1132 1273 1148 1305 n
1169 1242 1223 1336 (1).
1244 1237 1460 1338 Antiquum

311 1371 446 1479 etenim
464 1371 557 1449 illud
575 1373 849 1476 presbyterium
866 1398 912 1450 ex
929 1373 1099 1476 pluribus
1117 1373 1300 1476 episeopis
1314 1370 1460 1449 confla—

311 1512 392 1584 tum
421 1513 515 1598 erat,
541 1507 601 1584 ¹sio
630 1508 801 1610 exigente
825 1512 1035 1611 temporum
1061 1509 1218 1597 ratione,
1242 1507 1298 1584 ita
1326 1509 1462 1582 tamen

310 1645 353 1719 ut
372 1667 471 1718 unus
499 1641 632 1719 ceteris
654 1642 940 1744 praeemineret:
966 1643 1064 1744 quod
1089 1643 1136 1719 ab
1160 1640 1337 1745 apostolis
1359 1641 1459 1742 ipsis

310 1777 583 1865 introductum,
620 1775 684 1878 qui
718 1777 870 1853 tandem
904 1802 1051 1880 quoque
1083 1776 1181 1854 solos
1215 1776 1458 1877 presbyteros

195 1915 198 1922 '
308 1910 459 1988 secundi
482 1910 621 2012 gradus
642 1909 690 1986 ad
711 1910 950 1987 conflandum
974 1910 1261 2013 presbyterium,
1282 1933 1347 1986 seu
1370 1932 1458 1984 ma-

307 2043 365 2120 vis
395 2043 560 2121 ecelesiae
589 2049 773 2134 senatum,
799 2043 1050 2123 adhibuerunt
1070 2075 1090 2121 :·
1103 2068 1177 2147 qua
1197 2044 1243 2120 de
1265 2068 1305 2150 re
1325 2042 1456 2144 copio-

308 2177 386 2253 sius
410 2177 500 2255 alibi
523 2203 547 2254 a
570 2178 676 2255 nobis
698 2178 941 2280 disputatum.
969 2179 1126 2257 Interim
1149 2179 1196 2257 ad
1225 2182 1456 2281 praesentem

308 2314 552 2413 quaestionem
577 2314 614 2389 id
633 2315 849 2391 observasse
870 2315 1021 2404 suffieit,
1048 2342 1122 2393 non
1144 2316 1306 2394 alienam
1327 2339 1407 2391 esse
1425 2338 1456 2392 a

305 2452 415 2556 praxi
443 2451 710 2554 apostolorum,
736 2451 903 2552 plurium
933 2453 1045 2528 unius
1069 2452 1235 2530 ecelesiae
1258 2453 1454 2554 episeopo-

305 2611 390 2662 rum
403 2585 745 2662 communionem...
768 2588 804 2683 (a)
824 2586 1010 2687 Duoergo
1028 2586 1244 2680 insolidum
1262 2586 1455 2664 Romanae

304 2719 469 2795 ecelesiae
488 2719 663 2821 episcopi,
684 2721 821 2796 Petrus
839 2724 876 2797 et
893 2720 1039 2797 Paulus
1057 2753 1064 2797 :
1082 2723 1145 2800 sed
1164 2723 1218 2800 ita
1231 2727 1274 2799 ut
1291 2724 1451 2812 Petrus,

303 2852 450 2954 collegii
484 2851 677 2954 apostolici
712 2859 891 2955 caputet
924 2856 1113 2959 princeps,
1157 2881 1265 2934 suam
1298 2879 1454 2958 quoque

303 2987 523 3090 dignitatem
541 2991 721 3064 tueretur.
738 3033 786 3044 —
801 2988 860 3065 Ex
873 2987 943 3066 hoe
958 2991 1174 3094 episcopatu
1188 2989 1301 3068 Pauli
1315 3013 1452 3066 mana-

302 3125 370 3214 vit,
390 3128 433 3201 ut
457 3124 711 3226 Hieronymus
736 3127 942 3203 Damasum
966 3128 1153 3230 apostolos
1176 3128 1316 3205 honore
1338 3129 1451 3230 sequi

301 3259 450 3348 dixerit,
476 3249 639 3337 Romani
670 3286 815 3364 quoque
842 3263 1043 3341 Pontifices
1069 3265 1167 3342 inter
1191 3268 1315 3341 cetera
1336 3263 1450 3341 Sedis

301 3419 379 3472 suae
409 3395 556 3482 decora,
584 3395 654 3471 hoo
684 3421 830 3499 quoque
856 3402 1074 3500 posuerunt,
1102 3424 1142 3476 se
1171 3399 1331 3476 vinarios
1361 3421 1449 3474 esse

300 3530 405 3606 Petri
423 3534 460 3607 et
482 3528 609 3619 Pauli,
628 3555 832 3633 eorumque
853 3533 980 3610 throni
999 3559 1243 3623 successores
1259 3538 1303 3611 ut
1321 3531 1447 3634 loqui-

299 3673 362 3746 tur
384 3666 602 3744 Hadrianus
626 3667 644 3742 I
668 3667 707 3743 in
726 3667 846 3770 Epist.
867 3669 914 3745 ad
939 3667 1228 3748 Constantinum
1245 3673 1282 3747 et
1306 3669 1448 3748 Irenen

299 3808 559 3909 Imperatores.
582 3805 703 3894 Quem
720 3806 890 3883 imitatus
912 3811 968 3884 est
986 3807 1191 3908 Gregorius
1211 3805 1243 3882 V
1248 3805 1298 3896 II,
1319 3803 1381 3907 qui
1402 3830 1448 3884 se

330 4129 361 4190 (ι)
372 4127 430 4179 Act.
444 4137 491 4178 xx.
505 4127 544 4178 28.
884 4127 1022 4177 Parnvrus
1034 4117 1262 4176 Dissertatioriam
1270 4123 1448 4180 Ecclesiasti-

330 4223 359 4286 (ε)
376 4221 475 4272 Plures
495 4220 525 4271 in
543 4219 639 4271 eadem
662 4217 779 4270 ecclesia
794 4217 849 4282 api·
882 4233 979 4269 carum
996 4218 1042 4269 lib.
1058 4218 1080 4267 Ι.
1099 4231 1159 4282 cap.
1177 4219 1229 4269 1-3.
1243 4218 1270 4268 et
1287 4218 1320 4266 de
1335 4215 1445 4272 Erotes.

296 4321 394 4374 scopos
414 4309 516 4373 passim
541 4308 626 4360 ruisse
644 4311 766 4372 tempore
785 4321 850 4372 apo·
884 4307 1032 4359 Hierarcb.
1045 4307 1093 4358 lib.
1106 4305 1128 4358 1.
1142 4321 1203 4372 cap:
1216 4307 1239 4358 t.
1256 4321 1282 4358 n.
1297 4307 1321 4358 3.
1338 4307 1388 4357 lib.
1404 4307 1446 4360 11.

296 4389 429 4451 stolorum
441 4399 541 4451 asserit
556 4399 638 4451 etium
654 4401 681 4450 et
692 4401 849 4464 propugnat
882 4413 941 4464 cap.
955 4401 980 4450 3.
994 4413 1039 4450 nn.
1052 4400 1077 4462 3,
1090 4401 1114 4450 8.
