3180 5134
338 449 378 508 ii
824 461 1000 517 irasmi).

362 690 437 756 111.
458 687 487 756 ll
508 689 750 776 scriptoribus
765 695 804 763 ct
821 697 1063 766 monumentis
1083 698 1336 769 ecclesiasticis
1352 669 1452 770 liccle·

571 813 710 884 siarum
732 817 985 889 hereticorum
1007 820 1262 891 orientalium.

387 1033 421 1096 1.
443 1041 728 1103 constitutiones
740 1047 992 1118 Apostolorum
1004 1053 1089 1121 apud
1100 1049 1197 1120 Syros
1211 1053 1259 1122 (in
1278 1055 1475 1111 sanctissimis

339 1143 490 1200 cociacus
508 1150 582 1203 anie
599 1163 659 1204 sec.
687 1148 769 1208 VIII
783 1156 923 1210 auaratis
945 1159 975 1211 et
991 1158 1161 1212 asservatis
1183 1158 1218 1210 in
1235 1159 1407 1214 bibliotheca
1424 1155 1478 1211 Va-

336 1239 458 1390 {c‘canm
474 1243 642 1411 (ι’ςεονῴτω
658 1251 732 1302 aaut
751 1270 766 1294 a
787 1248 1016 1308 constitutiones
1037 1251 1249 1322 Apostolorum
1275 1268 1328 1324 per
1348 1251 1475 1323 Hippoly-

354 1347 415 1392 llm.
439 1361 453 1386 u
490 1352 498 1393 l

386 1481 427 1548 Β.
449 1495 608 1551 canones
639 1497 808 1554 Ecclesia
837 1498 1086 1557 Alexandrinae
1118 1503 1296 1558 Hirrcnvro
1322 1503 1420 1558 imbuti
1442 1499 1475 1570 (r)

338 1602 420 1657 banc
438 1601 549 1656 babent
562 1602 797 1670 coemptionem
811 1621 819 1658 :
835 1627 847 1648 u
864 1606 894 1658 ln
914 1603 1032 1659 nomine
1050 1603 1160 1668 Patris,
1178 1603 1209 1660 et
1221 1605 1298 1674 Filii,
1313 1606 1343 1662 et
1360 1604 1474 1676 Spiritus

339 1698 449 1755 Sancti.
466 1701 568 1755 Amen.
584 1699 635 1755 isti
652 1699 722 1755 sunt
735 1702 867 1756 canones
881 1699 1030 1766 Ecclesiae,
1045 1700 1185 1757 mandute
1198 1715 1265 1770 quae
1278 1701 1394 1773 scripsit
1406 1701 1474 1756 ibu-

339 1794 424 1861 lides‚
440 1808 492 1864 per
505 1809 593 1864 quem
606 1793 739 1864 loquitur
752 1794 904 1867 [Ecclesia]
918 1795 948 1851 et
967 1809 1108 1852 numerus
1127 1810 1231 1866 eorum
1251 1811 1371 1854 xmuvru
1393 1800 1473 1852 cauo-

340 1905 401 1947 nes.
420 1916 434 1939 n
449 1889 708 1948 clausalamoero
723 1911 731 1947 :
747 1917 761 1938 a
776 1893 945 1962 Explioiunt
958 1896 1089 1950 canones
1109 1895 1137 1949 S.
1156 1892 1340 1950 Patriarchae
1355 1891 1474 1950 libulidis

339 1987 428 2057 primi
450 1986 633 2043 patriarcha
649 1987 737 2045 Urbis
754 2003 870 2058 magua
888 1990 1000 2057 Romae,
1019 2003 1093 2058 quos
1106 1989 1284 2059 composuit,
1298 1989 1328 2046 et
1345 2000 1473 2044 numerus

338 2099 442 2140 eorum
453 2097 575 2140 xxxviii
586 2087 783 2142 canonum...
799 2109 811 2132 n
823 2083 987 2140 Notandas
997 2086 1158 2154 speciatim
1170 2089 1214 2138 est
1226 2107 1239 2129 a
1253 2087 1350 2141 canon
1360 2083 1471 2154 primus.

340 2181 381 2234 De
394 2179 464 2235 Fide
477 2179 632 2235 catholiea.
652 2180 727 2236 Ante
740 2179 840 2235 omnia
852 2180 1010 2250 loquamur
1028 2179 1065 2234 de
1085 2178 1141 2234 lide
1159 2180 1273 2245 sancta,
1294 2179 1374 2236 recte
1386 2179 1412 2234 in
1425 2181 1473 2232 Do

338 2277 452 2332 minum
468 2277 603 2333 nostrum
622 2277 722 2333 lesum
742 2277 903 2344 Christum,
920 2276 1026 2332 Filium
1047 2279 1098 2332 Dei
1118 2276 1190 2344 vivi,
1206 2277 1237 2333 et
1250 2278 1398 2346 posuimus
1411 2289 1473 2330 eum
1559 2335 1560 2346 χ

339 2377 506 2452 [canonem]
529 2375 558 2430 lu
582 2375 638 2430 ilde
661 2373 828 2446 [symbolo],
852 2375 882 2431 et
904 2389 959 2430 nos
981 2375 1183 2431 consentimus
1206 2376 1287 2430 omni
1310 2371 1473 2431 certitudine

337 2469 516 2537 rationabili,
537 2470 615 2540 quod
636 2471 765 2528 Trinitas
784 2471 906 2540 aequalis
923 2470 1053 2540 perfecte
1071 2471 1110 2526 sit
1129 2471 1159 2526 in
1178 2471 1301 2536 honore,
1316 2469 1431 2540 aqualis
1447 2467 1473 2522 lu
1559 2513 1560 2539 ,

337 2566 443 2638 gloria,
460 2583 514 2625 nec
533 2568 640 2626 habeut
659 2569 776 2626 initium
795 2584 849 2626 uec
866 2568 964 2626 linem.
985 2569 1115 2626 Verbum
1135 2568 1226 2626 Filius
1246 2569 1297 2626 Dei
1316 2570 1346 2626 ei
1363 2570 1420 2638 lpse
1433 2565 1474 2622 est

338 2665 456 2722 creator
474 2666 570 2723 omnis
582 2668 730 2723 creaturae
749 2665 909 2723 visibilium
926 2665 956 2721 et
972 2665 1174 2722 invisibilium.
1197 2668 1259 2723 lloc
1272 2665 1471 2723 constituimus

336 2762 552 2820 consentientes
573 2763 716 2820 adversus
733 2763 784 2834 qui
803 2762 947 2820 audacter
966 2763 1057 2820 locuti
1078 2763 1158 2829 sunt,
1178 2765 1255 2834 quod
1278 2780 1334 2821 uon
1347 2761 1473 2833 oporteat
1558 2769 1559 2845 l

337 2861 375 2916 do
386 2859 482 2917 Verbo
493 2859 544 2916 Dei
558 2859 659 2932 [loqui]
674 2861 762 2917 sicuti
778 2859 896 2917 locutus
912 2861 959 2916 est
972 2861 1112 2917 Dominus
1129 2861 1231 2918 noster
1240 2863 1327 2918 lesus
1339 2859 1472 2917 Christus.

338 2957 513 3027 cougregati
527 2971 630 3014 sumus
642 2957 828 3027 potissimum
841 2957 879 3012 ad
892 2957 1103 3027 proterendum
1122 2957 1223 3013 sancte
1237 2957 1274 3013 de
1293 2961 1360 3023 Deo,
1374 2957 1403 3011 et
1414 2954 1474 3009 illos
1557 2951 1558 3034 l

337 3057 553 3127 separavimus,
562 3055 632 3126 quia
641 3070 699 3111 uon
709 3054 890 3112 concordant
900 3069 969 3110 cum
981 3054 1112 3110 Ecclesia
1125 3055 1155 3110 in
1166 3055 1422 3126 theologiamque
1432 3065 1476 3106 no·

337 3152 451 3210 hiscum
469 3153 537 3209 illlis
553 3150 784 3222 scripturarum.
801 3152 963 3223 Propterea
979 3151 1201 3222 segregavimus
1218 3166 1270 3208 eos
1288 3151 1324 3207 ab
1343 3147 1474 3208 Ecclesia.

340 3249 369 3305 et
389 3249 540 3319 negotium
560 3263 665 3305 eorum
682 3249 855 3320 reliquimus
869 3251 938 3316 Deo,
958 3249 1008 3318 qui
1025 3248 1179 3305 creaturas
1194 3263 1263 3304 cum
1278 3247 1394 3318 justitia
1403 3243 1475 3315 judi·

338 3347 426 3404 sebit.
443 3347 504 3404 Illis
523 3347 625 3405 autem
643 3349 694 3418 qui
712 3348 767 3404 hos
784 3347 922 3417 ignorant
938 3347 1041 3404 notum
1061 3347 1186 3403 iacimus
1206 3346 1262 3402 hoc
1281 3347 1344 3402 eine
1364 3341 1474 3404 invidia,

337 3459 375 3500 ue
391 3445 500 3501 mulam
523 3445 678 3501 incurrant
698 3445 836 3511 mortem,
856 3443 1008 3514 temqmm
1029 3442 1171 3509 haeretici,
1195 3443 1246 3498 sed
1260 3439 1475 3512 promereantur

337 3541 430 3598 vitam
449 3539 603 3608 aeternam,
622 3539 652 3597 et
670 3540 795 3598 ducant
812 3540 888 3598 illios
901 3553 970 3597 suos
986 3539 1017 3597 et
1037 3539 1171 3610 posteros
1190 3553 1261 3594 suos
1280 3535 1355 3594 hune
1366 3538 1473 3592 unicam
1555 3603 1556 3606 Ἴ

338 3640 435 3698 iidem.
453 3665 467 3688 n

382 3779 422 3843 3.
450 3786 566 3844 codex
596 3785 836 3843 conciliorum
863 3786 898 3842 et
926 3788 1104 3842 canonum
1130 3783 1352 3856 AEthiopieus
1381 3784 1474 3840 eaden

362 4107 390 4164 (ι)
402 4105 460 4154 Suu.
481 4117 515 4152 nr
531 4105 689 4164 ditaremus,
706 4103 773 4152 Acta
789 4103 894 4159 Marta-
924 4105 1004 4152 edidit
1018 4104 1105 4151 Simon
1121 4105 1152 4150 de
1163 4103 1294 4162 Magistris
1310 4105 1335 4150 in
1348 4100 1473 4162 appendice

334 4201 397 4235 rum
409 4191 445 4234 ad
454 4187 526 4236 Ostia
538 4187 660 4235 liberisue
670 4187 752 4242 (item
763 4189 825 4233 1795.
835 4187 895 4244 iol),
925 4187 1010 4244 operis
1017 4199 1075 4232 mox
1082 4186 1160 4242 citati,
1168 4187 1268 4243 uiuacis
1275 4186 1391 4233 versione
1398 4183 1472 4231 istius.

336 4283 362 4328 p.
382 4273 430 4318 liic.
446 4295 474 4304 -
492 4271 543 4318 cir.
561 4271 624 4330 bisi,
639 4268 732 4324 Serius.
751 4267 806 4315 Ver.
826 4271 845 4314 t.
865 4269 896 4314 V.
926 4269 1008 4324 Quam
1024 4267 1170 4314 versionem
1186 4268 1289 4314 exhibet
1305 4267 1389 4326 Mlgne
1407 4267 1432 4312 P.
1447 4259 1471 4305 G·

335 4353 405 4400 Part.
418 4363 447 4398 ii.
460 4363 485 4410 p.
497 4354 534 4398 iti.
929 4351 945 4396 t.
958 4349 990 4396 X.
1001 4359 1026 4406 p.
1036 4349 1087 4394 059.

363 4435 390 4488 (a)
402 4433 499 4480 liorum
512 4443 638 4480 canonum
653 4433 748 4479 textum
765 4429 896 4478 arabicum
