3132 5140
721 1105 963 1190 CAPUT
995 1106 1069 1188 ΙΙ.

435 1355 481 1409 nn
501 1355 545 1410 ns
565 1357 650 1420 oon
671 1355 753 1412 cerr
774 1353 968 1412 cnuursros
988 1351 1195 1408 zsrnrnrno
1216 1353 1244 1408 s.
1268 1352 1301 1406 r.
1325 1350 1369 1424 (1)

379 1787 412 1870 l.
447 1787 506 1866 Ex
539 1789 795 1892 assumptione
832 1787 980 1868 Callisti
1015 1788 1054 1863 in
1087 1787 1312 1864 eminentem
1335 1787 1481 1901 'locuni
1547 1746 1549 1810 l

327 1922 581 2002 archidiaconi
603 1951 669 2002 seu
686 1925 877 2028 praepositi
895 1925 994 2002 clero
1017 1925 1191 2002 Romano
1208 1925 1300 2002 satis
1319 1929 1379 2024 (ut
1396 1927 1481 2028 jam

329 2055 578 2136 indicavimus
598 2061 711 2136 Num.
733 2064 831 2162 sup.)
849 2059 1126 2148 manifestatur,
1142 2059 1379 2161 praeteritam
1398 2061 1481 2160 ejus
1552 2034 1554 2110 ¹,

330 2187 448 2266 vitam
468 2190 580 2268 talem
600 2192 728 2282 fuisse,
748 2199 791 2271 ut
807 2193 971 2270 maxime
989 2217 1076 2269 eum
1099 2191 1198 2294 apud
1220 2216 1351 2270 omncs
1376 2219 1479 2270 com-

329 2327 535 2419 mendaret,
548 2333 584 2406 et
598 2331 791 2432 speciatim
803 2333 883 2432 ejus
897 2322 1192 2433 deportationem
1203 2329 1242 2405 in
1253 2329 1480 2408 Sardiniam

332 2464 583 2542 existimatam
601 2467 716 2544 fuisse
733 2491 865 2543 verum
887 2465 1112 2567 martyrium
1130 2468 1167 2541 et
1183 2464 1377 2541 clericalia
1395 2489 1479 2540 mu-

329 2625 419 2678 nera
435 2603 483 2679 ab
500 2602 580 2704 ipso
599 2603 779 2706 praeclare
795 2603 945 2682 omnino
963 2601 1226 2680 administrata
1242 2625 1334 2677 esse.
1358 2601 1480 2678 Secus

330 2759 429 2810 emm
451 2765 457 2810 :

382 2876 417 2945 1⁰
456 2870 542 2947 Non
579 2871 802 2975 intelligitur
841 2898 915 2974 qua
953 2872 1099 2949 ratione
1137 2869 1270 2948 adduci
1308 2869 1480 2970 potuerit

326 3003 560 3107 Zephyrinus
582 3010 624 3085 ut
644 3009 736 3086 adeo
760 3008 935 3085 eveheret
956 3007 1083 3083 virum
1104 3007 1318 3094 obscurum,
1339 3004 1408 3105 qui
1432 3029 1479 3079 ex

325 3137 569 3241 eleemosynis
593 3140 758 3220 ecclesiae
781 3143 901 3219 vitam
927 3143 1156 3220 sustentaret
1178 3144 1216 3216 et
1239 3137 1408 3241 profecto
1431 3163 1479 3213 ex

328 3274 539 3352 conditione
556 3301 624 3354 sua
642 3303 716 3355 non
733 3279 894 3358 multum
913 3278 1038 3380 gratia
1054 3276 1199 3354 valeret
1220 3273 1317 3377 apud
1336 3272 1477 3349 divites

331 3417 367 3490 et
384 3418 565 3515 potentes.
586 3416 777 3495 Praeterea

378 3551 418 3622 2⁰
441 3548 572 3650 Neque
595 3550 917 3653 intelligiturque
941 3549 1085 3627 ratione
1110 3548 1232 3626 clerus
1259 3547 1473 3630 Romanus,

331 3682 409 3784 qui,
429 3686 473 3760 ut
489 3708 536 3760 ex
554 3684 720 3787 epistolis
740 3682 920 3788 Cypriani
939 3683 1143 3784 colligitur,
1162 3683 1268 3759 tanta
1284 3677 1476 3754 existima·

330 3815 431 3892 tione
460 3819 648 3918 gaudebat
676 3824 725 3910 et,
758 3825 915 3898 vacante
940 3819 1025 3896 sede
1054 3814 1283 3903 Pontificali‚
1315 3811 1477 3889 admini-

299 4057 303 4066 Ι
331 3954 551 4031 strationem
574 3956 739 4034 ecclesiae
762 3961 842 4034 tam
866 3957 976 4032 firma
998 3980 1114 4031 manu
1133 3950 1372 4053 suscipiebat,
1393 3946 1475 4023 sine

332 4089 440 4191 eujus
464 4091 619 4169 consilio
645 4095 682 4170 et
702 4079 884 4170 consensu
907 4089 1003 4166 nihil
1025 4088 1185 4189 alicujus
1211 4081 1387 4161 momenti
1411 4079 1474 4180 agi

332 4197 474 4303 solebat
490 4251 514 4303 a
532 4225 621 4305 RR.
639 4227 739 4318 ΡΡ.,
755 4227 815 4304 oui
834 4223 988 4328 proinde
1007 4225 1186 4302 honorem
1203 4242 1313 4297 suum
1325 4239 1475 4305 summo

360 4491 391 4554 (a
403 4491 694 4562 carcasonensi„
706 4501 734 4551 n
746 4498 879 4565 (appono.
894 4510 975 4563 pagg.
989 4485 1026 4544 48
1038 4492 1120 4552 meo,
1133 4483 1189 4554 46).
