3208 5150
318 467 356 525 rt)
626 477 696 524 mss.
721 479 740 524 r.
767 477 802 523 or
824 475 891 524 nou.
915 477 941 524 s.
966 475 1045 524 rrrm
1068 475 1155 524 ense.

317 669 405 748 pore
429 645 554 723 Roma
577 645 719 734 aberat,
744 648 812 721 aut
833 645 880 721 ah
901 667 944 722 eo
968 650 1122 746 rogatus
1145 644 1295 747 scripsit
1317 645 1473 722 Paulus

316 778 512 882 epistolam
532 803 654 869 suam,
680 779 770 881 quia
791 783 881 855 noto
905 777 1008 857 illius
1031 779 1188 856 scientio
1208 781 1346 856 veteris
1368 779 1471 881 legis

315 915 477 994 multum
502 915 672 993 conferre
692 919 840 1016 poterat
859 918 902 990 ut
923 939 946 992 u
969 916 992 991 J
995 914 1113 991 udaeis
1137 915 1328 992 conversis
1346 913 1470 992 liben-

315 1053 391 1130 tius
409 1053 449 1129 in
467 1053 539 1130 hac
557 1077 597 1128 re
615 1051 811 1130 audiretur
828 1054 865 1128 et
882 1050 1032 1127 facilius
1051 1051 1224 1128 cederent
1241 1050 1321 1152 ejus
1339 1055 1471 1128 aucto-

317 1188 432 1267 ritati.
467 1189 646 1267 Ceterum
681 1187 790 1264 focile
820 1193 978 1290 apparet
1008 1212 1121 1289 quarn
1151 1212 1288 1290 parum
1319 1188 1468 1264 roboris

315 1321 452 1400 hebeat
468 1326 733 1424 argumentum
751 1347 797 1398 cx
815 1321 885 1398 huc
904 1320 1132 1399 obscuritate
1149 1320 1308 1424 petitum
1322 1321 1367 1398 ud
1382 1320 1467 1397 vim

314 1455 615 1533 testimoniorum
633 1454 837 1534 allatorum
855 1455 1145 1558 infringendum.

369 1646 427 1733 19.
443 1652 501 1728 Ad
520 1657 570 1728 3¹¹¹
584 1651 634 1729 R.
655 1683 693 1730 a.
710 1649 733 1728 J
736 1649 863 1726 udaeos
882 1675 956 1726 non
974 1673 1127 1752 paucos,
1143 1655 1345 1752 antequam
1359 1652 1465 1728 Pau-

313 1787 373 1864 lus
395 1788 558 1866 Romam
580 1784 757 1872 venisset,
783 1783 861 1860 illic
883 1783 1036 1862 Christo
1059 1809 1192 1862 nomen
1215 1785 1358 1894 dedisse
1382 1810 1465 1863 ma-

313 1922 445 1998 nifeste
471 1919 663 2020 colligitur
686 1943 732 1995 ex
758 1918 876 2022 ipsius
903 1918 1062 2022 epistola
1086 1921 1134 1996 od
1162 1920 1368 2008 Romanos
1397 1921 1464 1996 uhi

312 2056 494 2134 celebrem
512 2080 641 2133 eorum
659 2053 855 2131 ecclesiam
868 2055 950 2155 jum
964 2058 1053 2131 tunc
1071 2054 1187 2132 luisse
1200 2055 1388 2156 significat
1406 2059 1416 2154 (
1433 2063 1462 2154 ),

313 2215 357 2268 ac
374 2197 558 2294 praetereo
575 2189 667 2268 setis
687 2215 733 2266 ex
750 2214 795 2265 ea
818 2188 976 2291 epistola
1000 2188 1188 2266 indicatur
1205 2188 1344 2266 multos
1362 2189 1466 2265 inter

285 2326 439 2416 ¹iidelcs
466 2328 660 2405 Romanos
690 2324 835 2426 origine
866 2325 981 2402 fuisse
1006 2326 1029 2402 J
1034 2315 1171 2402 udaeos.
1200 2324 1463 2402 Nihilominus

314 2466 440 2538 autern
465 2477 498 2540 b.
512 2460 623 2538 facile
642 2460 723 2537 fieri
747 2460 871 2563 potuit
892 2465 935 2536 ut
952 2459 1135 2562 primores
1153 2463 1176 2539 J
1179 2461 1373 2538 udaeorum
1391 2487 1464 2563 pro

313 2595 487 2697 superbia
513 2619 582 2671 sua
612 2595 771 2671 Petrum
803 2593 1070 2696 praedicantem
1092 2595 1282 2698 aspernati
1305 2594 1461 2685 suerint,

313 2727 478 2805 Paulum
500 2732 640 2818 autem,
667 2752 777 2829 quem
796 2728 835 2803 in
852 2727 934 2828 lege
952 2729 1143 2806 cruditum
1161 2729 1362 2807 admodum
1381 2755 1464 2807 esse

313 2867 460 2950 norant,
487 2865 666 2964 cuperent
689 2863 820 2939 audire
838 2861 883 2937 de
902 2861 1083 2963 religione
1101 2863 1320 2941 Christiane
1342 2863 1463 2966 deque

311 3137 337 3187 et
357 3135 443 3199 ipsius
464 3133 584 3186 Simonis
605 3134 722 3186 historia
742 3133 865 3198 quamvis
899 3133 993 3185 ciatim
1003 3133 1087 3185 tuisse
1097 3133 1293 3185 rationemcur
1303 3135 1393 3186 Lucas
1403 3137 1463 3199 iqui

312 3225 434 3276 tenebris
452 3223 574 3274 involuta
594 3223 668 3274 omni
682 3237 714 3273 ex
726 3223 805 3288 parte
823 3223 868 3286 sit,
902 3222 1008 3286 Roman,
1033 3236 1118 3286 quum
1130 3222 1235 3273 Paulus
1251 3223 1372 3287 primum
1392 3223 1461 3274 illuc

311 3313 407 3364 saliem
420 3312 486 3363 illud
499 3321 533 3364 ex
545 3313 660 3364 diversis
673 3313 867 3363 traditionibus
901 3312 999 3362 fuisset
1009 3312 1145 3362 adductus
1157 3313 1187 3362 ut
1194 3311 1331 3375 judicium
1343 3312 1463 3362 Caesaris

310 3405 385 3454 eirca
397 3405 455 3454 haec
467 3403 585 3468 vulgatis
599 3403 785 3468 colligendum
797 3403 867 3454 ride·
901 3403 1017 3465 subiret,
1030 3404 1115 3453 Actus
1127 3401 1323 3467 Apostolorum
1337 3402 1461 3466 scripsit,

311 3499 365 3556 tur,
379 3495 518 3546 Simonem
529 3496 602 3560 apud
614 3495 746 3560 poputum
765 3495 866 3547 Roma·
901 3495 983 3558 idque
993 3509 1025 3546 eo
1042 3495 1112 3545 torte
1128 3495 1243 3545 consitio
1253 3496 1284 3545 ut
1300 3495 1461 3557 rescriptio

311 3599 377 3636 num
399 3588 427 3635 et
453 3584 526 3649 apud
549 3584 640 3648 ipsum
667 3584 867 3650 Imperatorem
900 3582 1460 3648 tamquamapologiaquaedamPauliJu-

311 3673 870 3740 multumgratinraluisseeideindepost
903 3674 969 3724 decis
990 3672 1104 3736 stipsis
1124 3671 1242 3722 ethnicis
1263 3671 1459 3734 exhiberetur),

311 3762 464 3813 certamine
498 3776 562 3813 cum
593 3763 676 3815 Petro
708 3765 863 3815 recessisse.
899 3765 1045 3828 postquam
1063 3761 1140 3812 Petri
1161 3762 1189 3812 in
1208 3761 1461 3825 Judeesapostota-

311 3855 390 3906 Unde
413 3869 543 3920 magnum
564 3855 657 3906 odium
678 3857 751 3907 huuc
774 3869 866 3908 susce·
900 3857 959 3906 tum
972 3859 1028 3906 tum
1041 3857 1101 3906 fuse
1110 3854 1305 3918 descripsisset
1317 3855 1413 3916 (usque
1425 3853 1460 3904 ad

311 3947 385 4011 pisse
397 3947 469 4011 apud
484 3945 646 3998 idololatras
658 3949 685 3999 et
701 3947 787 4000 latere
803 3963 866 3999 coa·
902 3947 968 4012 Cap.
988 3949 1045 4011 nn),
1058 3947 1187 4012 deinceps
1200 3947 1312 3997 omnino
1330 3946 1363 3996 de
1376 3959 1408 3996 eo
1421 3945 1458 3996 si·

311 4038 386 4088 etum
398 4035 492 4096 misse,
506 4038 533 4086 et
549 4036 670 4087 studiose
688 4037 751 4089 inde
763 4039 867 4089 cavisse
900 4037 983 4088 luerit
995 4039 1023 4088 et
1035 4037 1143 4098 reliqua
1154 4038 1213 4098 ejus
1222 4040 1298 4101 gesta
1310 4035 1353 4086 his
1363 4036 1461 4100 paucis

311 4124 481 4176 Christianos
508 4125 658 4190 scriptores
691 4128 719 4178 et
752 4127 867 4179 Petrum
901 4125 1459 4190 verbis.qusesoliChristianisatisintet-

310 4214 410 4278 ipeum,
424 4213 703 4278 reinseriptis‚quee
719 4215 749 4266 in
765 4229 864 4266 manus
897 4215 985 4281 ligere
1008 4217 1137 4280 possent,
1162 4214 1329 4266 concluserit
1354 4230 1359 4264 :
1387 4237 1399 4256 ··
1424 4215 1459 4266 Et

310 4301 484 4352 ethnicorum
506 4303 600 4354 venire
623 4305 761 4368 poterant,
785 4305 865 4368 quid·
900 4319 1029 4370 egressus
1057 4306 1126 4356 abiit
1153 4309 1182 4355 in
1210 4307 1298 4356 otirnu
1327 4307 1414 4354 tocron
1445 4328 1457 4348 υ

310 4405 392 4455 quam
414 4391 585 4444 insereretur
605 4395 678 4445 unde
699 4395 869 4447 indicaretur
903 4395 970 4459 (Aci.
986 4407 1032 4446 xri.
1049 4397 1096 4460 17).

310 4483 369 4544 otus
377 4483 557 4534 commoratio
568 4483 672 4536 Romen.
685 4485 720 4537 tit
729 4487 800 4538 hanc
811 4499 869 4551 spo·
936 4487 965 4551 (ι)
978 4483 1055 4538 Rom.
1071 4498 1086 4536 1.
1101 4487 1125 4536 8.
