3208 5150
382 497 443 542 Cdl‘-
467 497 496 542 ll.
520 495 593 551 QUOT
614 493 701 542 Annos
722 493 827 541 PETRUS
849 493 931 540 ROMAE
952 494 1078 540 senemr.
1261 481 1294 540 11

147 670 310 766 tempus
328 687 452 742 omnes
469 663 493 740 J
495 662 592 739 udaei
616 662 740 740 Roma
759 659 912 738 exulare
924 661 1022 762 jussi
1040 661 1116 737 sint
1133 663 1170 759 (1)
1188 665 1299 763 atque

146 797 298 874 exinde
325 798 460 874 Petrus
485 801 635 875 ooaotus
665 795 715 873 sit
743 797 874 872 urbem
899 795 946 872 ad
976 794 1126 897 aliquod
1152 798 1299 897 tempus

145 929 381 1032 relinquere.

210 1113 532 1196 laborandam
560 1122 687 1195 autem
713 1141 834 1206 suam,
860 1117 974 1218 juxta
1003 1142 1116 1219 quam
1146 1143 1219 1194 non
1246 1091 1330 1196 ses

142 1255 283 1333 cundo
302 1253 449 1333 Claudii
463 1278 574 1344 anno,
595 1254 658 1332 sed
675 1254 818 1332 decimo
840 1258 938 1353 (aerae
956 1254 1060 1355 vulg.
1084 1257 1143 1352 50)
1161 1255 1299 1334 Petrus

140 1388 377 1468 cathedram
406 1413 513 1465 suam
545 1389 679 1467 Romae
709 1389 945 1467 constituisse
979 1390 1156 1467 dicendus
1187 1395 1296 1480 esset,

140 1525 318 1630 probare
348 1523 481 1602 nititur
506 1523 786 1626 Papebrochius
812 1523 951 1626 duplici
983 1525 1207 1626 conjectura.
1234 1525 1299 1600 Al-

140 1669 240 1740 tera
263 1657 417 1747 seilicet,
442 1659 538 1761 quod
557 1661 695 1736 Petrus
721 1659 884 1737 Romam
901 1661 1029 1738 venire
1052 1662 1173 1763 potuit
1196 1687 1299 1738 ooca·

143 1797 267 1874 sione
298 1793 414 1896 ipsius
444 1771 553 1872 edicti
584 1792 734 1872 Claudii
760 1819 834 1896 quo
862 1794 989 1872 ludaei
1019 1820 1146 1872 omnes
1177 1796 1301 1874 Roma

142 1927 453 2032 expellebantur,
482 1935 524 2008 ut
549 1930 641 2034 ipse,
665 1930 864 2031 gentilibus
886 1931 1011 2009 minus
1038 1937 1161 2022 notua
1190 1931 1299 2011 Chri-

143 2065 304 2143 stianos
321 2063 514 2166 indigenas
531 2068 782 2145 confirmaret.
802 2067 853 2145 nt
870 2068 951 2145 haec
969 2069 1196 2168 conjectura,
1216 2095 1300 2171 quae

142 2201 265 2281 nullo
289 2206 526 2279 monumento
550 2201 729 2279 historico
750 2200 811 2278 vel
835 2201 1013 2278 indirecte
1035 2201 1182 2292 nititur,
1202 2207 1301 2281 certe

142 2362 297 2444 parum
329 2337 477 2414 videtur
510 2337 725 2440 probabilis,
763 2340 801 2414 61
832 2335 951 2413 multo
981 2335 1210 2438 probabilius
1244 2342 1300 2414 est

143 2472 254 2552 illud
280 2471 441 2550 edictum
462 2497 615 2551 causam
639 2473 754 2551 fuisse
772 2498 839 2550 cur
860 2475 1012 2562 PetruS,
1032 2474 1136 2552 Urbe
1153 2473 1297 2562 relicta,

142 2608 353 2689 Orientem
383 2633 514 2685 rursus
543 2608 728 2698 inviserit,
756 2609 881 2712 ibique
910 2609 1091 2688 manserit
1112 2633 1229 2712 usque
1252 2611 1299 2688 ad

141 2743 355 2824 exordium
371 2745 518 2847 imperii
538 2747 709 2824 Neronia.

203 2929 272 3016 lb·
290 2934 454 3012 Debilior
471 2936 586 3012 etiam
602 2936 751 3014 videtur
768 2938 931 3014 secunda
948 2939 1166 3039 conjectura
1186 2962 1300 3039 quam

142 3074 208 3149 ita
229 3068 373 3170 profert
389 3070 671 3171 Papebrochius
693 3103 700 3146 ι
726 3109 741 3136 a
763 3071 894 3149 Placet
910 3096 1000 3150 vero
1019 3073 1079 3148 hio
1102 3096 1221 3148 annus
1239 3070 1300 3148 vel

140 3207 242 3284 ide'o
260 3205 393 3305 magis,
415 3205 513 3306 quod
531 3205 696 3284 litleram
714 3208 985 3286 Dominioalem
1004 3209 1145 3286 habens
1164 3210 1209 3285 D.
1234 3209 1299 3285 ha-

141 3337 284 3420 buerit
315 3345 357 3416 18
381 3341 554 3418 lanuarii
585 3345 621 3440 (2)
652 3343 691 3419 in
721 3343 930 3422 Dominioa.
960 3344 1059 3433 Quia
1084 3345 1183 3422 edim
1213 3370 1300 3423 mox

143 3478 262 3556 infra
279 3479 484 3579 apparebit,
504 3503 550 3555 ex
567 3481 833 3557 consuetudine
850 3480 1016 3582 plurium
1033 3487 1301 3582 consequenter

142 3612 385 3702 seculorum,
412 3616 664 3694 ordinationes
688 3617 959 3718 episcoporum,
989 3615 1197 3717 praesertim
1222 3617 1300 3696 Ro·

141 3773 377 3840 manorum,
403 3776 549 3854 semper
578 3749 837 3829 in'Dominica
867 3753 933 3828 aut
967 3749 1101 3827 saltem
1138 3749 1178 3824 in
1208 3749 1301 3828 festo

143 3881 376 3964 solemniori
406 3885 605 3974 celebrari;
643 3885 859 3987 hujusmodi
901 3883 1157 3972 observantia,
1194 3884 1302 3984 cujus

142 4017 315 4098 initium
337 4019 481 4096 nullum
502 4019 723 4108 ostenditur,
750 4019 851 4096 credi
881 4021 1001 4120 potest
1030 4018 1076 4094 ab
1098 4015 1303 4119 apostolica

143 4149 396 4233 institutione
429 4152 619 4242 fluxisse,
639 4152 836 4255 ipsumque
868 4153 1026 4229 Petrum
1059 4150 1139 4250 ejus
1174 4149 1213 4228 in
1246 4173 1302 4227 ae-

181 4424 218 4488 (1)
233 4421 296 4472 Act.
310 4426 414 4476 1111112.
747 4423 850 4477 thedrae
863 4421 890 4476 S.
904 4421 980 4476 Petri
993 4421 1096 4478 Romae.

182 4513 219 4578 (ε)
234 4509 299 4571 Quo
310 4509 355 4562 dia
364 4513 516 4568 celebratur
528 4515 660 4566 memoria
669 4514 716 4568 Ga·
