3208 5150
337 463 375 522 76
531 474 602 518 uiso.
625 475 655 518 u.
679 474 714 518 DE
735 474 872 520 CONTROV.
893 475 974 521 cruca
1009 476 1157 522 catenum.
1184 477 1282 523 PASCU-

388 644 450 726 28.
473 645 528 722 Ad
550 651 599 721 6‘n
623 643 672 721 R.
700 641 773 719 Hie
798 643 990 720 Sozomeni
1014 644 1117 722 locus
1142 646 1290 724 videtur
1315 647 1489 724 referen-

336 782 405 857 dus
428 780 474 857 ad
498 777 771 856 contentionem
794 777 941 853 Aniceti
965 802 1050 854 oum
1074 777 1299 882 Polycarp0‚
1327 781 1490 858 nomine

319 919 370 992 'V
373 914 501 993 ictoris
524 937 591 1016 per
614 936 777 989 errorem
802 912 994 1014 scriptoris
1017 912 1076 989 vel
1097 913 1242 991 librarii
1264 916 1385 1016 posito
1410 941 1488 1017 pro

337 1049 495 1128 Aniceti.
525 1049 639 1126 Secus
669 1045 768 1122 enim
798 1048 923 1148 major·
946 1047 1059 1124 etiam
1089 1073 1194 1124 error
1224 1050 1408 1150 reperitur
1439 1049 1487 1125 in

337 1184 486 1262 nomine
504 1183 707 1277 Polycorm'
723 1184 928 1276 Smyrnaei,
949 1181 1023 1259 imo
1041 1188 1077 1260 et
1094 1183 1132 1259 in
1150 1187 1230 1261 tota
1246 1185 1483 1274 narratione,

338 1345 421 1423 quae
443 1319 581 1421 optime
604 1316 803 1393 concordat
826 1341 911 1393 cum
933 1317 979 1393 iis
1001 1340 1085 1418 quae
1109 1317 1222 1394 refert
1244 1318 1408 1393 Irenaeus
1432 1319 1487 1395 de

339 1456 408 1532 hac
432 1452 549 1556 priori
574 1451 819 1540 contentione,
846 1478 1080 1554 nequaquam
1102 1478 1192 1530 vero
1216 1479 1302 1530 eum
1325 1453 1369 1530 iis
1391 1481 1486 1556 quae

338 1589 451 1666 refert
469 1587 652 1665 Eusebius
670 1586 714 1662 de
732 1587 963 1664 contentione
976 1587 1139 1664 Victoris
1157 1613 1241 1664 cum
1260 1587 1481 1688 Polycrate.

387 1769 451 1851 29.
477 1771 534 1847 Au
560 1777 610 1846 7¹¹¹
634 1770 792 1872 denique
818 1769 1005 1847 sufficiens
1031 1770 1221 1872 responsio
1249 1772 1405 1849 habetur
1431 1799 1487 1850 ex

336 1908 383 1984 iis
410 1932 493 2008 quae
519 1905 683 1982 diximus
711 1906 951 2007 supra(1)dc
976 1905 1182 1982 rationibus
1212 1931 1295 2007 quee
1321 1905 1486 2008 impule-

337 2044 414 2120 rint
443 2042 633 2118 Victorem
668 2041 713 2118 ad
748 2045 899 2117 strenue
929 2041 1114 2142 agendum
1150 2045 1281 2119 contra
1314 2041 1486 2127 Quarto-

336 2178 566 2265 decimanos,
598 2175 807 2279 praesertim
836 2177 868 2252 si
897 2177 1116 2254 advertatur
1145 2176 1207 2252 hic
1237 2201 1309 2252 non
1338 2175 1401 2276 agi
1432 2177 1488 2254 de

336 2311 588 2398 anathemate,
608 2310 669 2386 sed
689 2311 734 2387 dc
751 2309 831 2386 sola
848 2309 1100 2408 subtractione
1116 2308 1399 2387 communionis.

367 2611 396 2674 (i)
409 2609 473 2674 Cap.
490 2609 527 2660 11.
542 2608 575 2659 Ν.
589 2609 604 2658 5
616 2609 644 2658 et
655 2607 711 2670 huj.
725 2607 789 2671 Gap.
804 2607 838 2658 N.
855 2608 891 2658 ll.
