3208 5150
387 388 450 433 cnr.
475 388 494 432 ι.
520 387 610 432 ornus
631 385 738 431 rmnos
759 384 853 430 nonin
875 384 1005 443 nondun,
1029 386 1091 430 uro.
1294 372 1311 430 b

138 547 292 620 cassel.
317 543 343 619 J
346 566 413 618 am
430 563 521 616 vero
542 539 621 616 sola
637 537 794 616 eeclesia
812 538 987 616 Romana
1005 537 1108 616 illud
1117 523 1189 616 sibi
1205 540 1311 616 attri-

145 677 252 763 buit,
281 679 324 751 et
348 674 406 750 ita
429 673 577 774 quidem
601 676 643 749 ut
666 675 831 748 extremo
856 669 981 747 seculo
1016 670 1053 747 ll
1079 677 1222 774 tropaea
1247 698 1312 749 seu

153 813 412 888 monumenta
441 806 590 910 publiea
619 805 721 882 illius
751 804 887 881 ibidem
916 809 1107 882 exstarent
1130 809 1181 904 (1);
1208 806 1313 884 nulla

159 951 294 1023 autem
321 967 485 1044 usquam
509 941 569 1018 vel
594 940 860 1019 obscurissima
880 940 1034 1016 traditio
1058 941 1215 1018 affertur
1238 968 1312 1043 qua

163 1080 328 1158 eeclesia
357 1077 435 1155 alia
458 1077 504 1153 de
532 1076 602 1154 hae
633 1101 673 1152 re
702 1101 788 1153 cum
818 1101 863 1154 ea
891 1075 1123 1152 contendisse
1153 1079 1310 1180 supponi

162 1214 298 1318 possit.

217 1378 258 1462 4.
282 1383 461 1484 Superest
487 1383 528 1456 ut
552 1377 681 1481 paucis
707 1378 876 1454 dieamus
901 1378 947 1454 de
972 1377 1056 1454 aliis
1078 1379 1310 1478 argumentis

162 1543 252 1618 quae
274 1519 313 1592 in
338 1517 435 1592 hane
457 1539 535 1590 rem
561 1517 743 1615 praeterea
766 1512 990 1589 afferuntur.
1019 1513 1067 1590 Et
1090 1513 1211 1615 primo
1234 1514 1312 1614 qui-

163 1653 251 1728 dem
270 1652 315 1728 de
333 1676 377 1728 eo
395 1651 492 1751 quod
517 1648 725 1726 desumitur
746 1673 791 1724 ex
816 1648 940 1724 verbis
964 1648 1068 1725 Petri
1087 1648 1125 1723 in
1143 1649 1216 1724 fine
1234 1675 1311 1726 suae

163 1785 300 1886 primae
331 1783 527 1886 epistolae:
552 1819 567 1846 a
594 1781 743 1859 Salutat
772 1806 839 1857 vos
870 1781 1040 1871 ecelesia
1073 1808 1157 1884 quae
1187 1787 1243 1861 est
1273 1785 1311 1860 in

163 1917 364 2019 Babylone
389 1914 561 1994 coelecta.
594 1953 609 1980 π
633 1916 707 1992 Ubi
738 1915 888 1992 nomine
914 1916 1118 2017 Babylonis
1149 1919 1311 1996 Romam

161 2053 357 2154 designari
383 2052 600 2130 existimant
628 2077 703 2129 non
732 2051 861 2153 pauei;
891 2052 1000 2154 idque
1029 2055 1188 2156 probant
1210 2090 1248 2138 a.
1266 2085 1311 2136 ex

164 2190 384 2268 testimonio
402 2191 533 2293 Papiae
551 2192 587 2288 (2)
606 2193 643 2266 et
659 2189 821 2266 aliorum
839 2195 1026 2280 veterum;
1045 2191 1079 2272 b.
1094 2217 1137 2268 ex
1153 2219 1195 2270 eo
1213 2197 1310 2296 quod

161 2327 326 2428 supponi
358 2327 485 2428 nequit
519 2325 579 2400 hio
609 2348 818 2400 sermonem
852 2350 931 2400 esse
965 2327 1010 2402 de
1045 2328 1238 2430 Babylone
1272 2331 1311 2407 in

162 2459 353 2562 AEgypto‚
374 2459 469 2561 quod
492 2484 567 2536 non
589 2462 670 2534 erat
692 2457 763 2533 nisi
786 2457 1006 2560 oppidulum
1028 2485 1093 2536 seu
1116 2462 1227 2538 statio
1245 2464 1311 2540 mi-

159 2596 303 2684 litaris
324 2621 390 2671 neo
407 2595 451 2670 de
469 2593 663 2696 Babylone
676 2593 742 2670 illa
760 2595 1003 2695 Assyriorum
1012 2598 1125 2699 juxta
1138 2598 1311 2700 Euphra·

158 2735 242 2816 ten,
262 2754 376 2830 quarn
393 2754 435 2806 eo
452 2734 618 2830 tempore
631 2753 655 2803 a
666 2727 810 2804 Judaeis
825 2729 977 2806 omnino
991 2729 1175 2807 desertam
1194 2733 1319 2811 suisse'

160 2864 395 2942 concludunt
411 2891 457 2940 ex
470 2865 593 2941 verbis
607 2863 664 2940 Fl.
681 2863 835 2966 losephi
849 2868 980 2962 Antip.
997 2871 1090 2943 lod.
1109 2867 1254 2945 XVIII.
1270 2875 1306 2948 9.

158 3033 197 3081 c.
215 2999 437 3076 Conantem
461 2999 599 3075 Petrus
624 2998 788 3076 Romam
811 2998 882 3074 hoo
905 2999 1055 3076 nomine
1073 3000 1307 3102 significarit,

159 3132 276 3210 facile
298 3132 477 3235 explicari
499 3133 619 3220 aiunt,
644 3137 726 3210 turn
747 3158 793 3208 ex
816 3133 1008 3235 opulentia
1029 3143 1066 3210 et
1086 3135 1190 3211 vitiis
1208 3134 1310 3213 illius

157 3267 332 3343 civitatis
372 3267 480 3364 (unde
518 3272 555 3344 et
591 3269 755 3344 Ioannes
794 3267 921 3344 eodem
958 3269 1107 3346 nomine
1145 3269 1191 3345 ad
1227 3296 1309 3347 eam

157 3401 435 3501 designandam
465 3426 556 3478 usus
586 3401 709 3478 estin
744 3401 981 3505 Apocalypsi)
1017 3405 1069 3500 (a),
1105 3407 1187 3478 turn
1220 3405 1310 3504 quia

156 3533 375 3618 cavendum
397 3543 478 3616 erat
496 3537 677 3640 apostolo,
701 3563 748 3614 ne
771 3542 809 3614 et
831 3538 910 3640 ipse
933 3542 970 3615 et
995 3537 1121 3614 fideles
1145 3537 1309 3616 Romani

160 3673 377 3751 idololatris
407 3672 749 3758 manifestarentur,
782 3673 812 3748 si
839 3672 935 3748 forte
960 3671 1068 3773 (quod
1097 3669 1206 3746 facile
1229 3671 1307 3747 fieri

157 3805 299 3908 potuit)
316 3803 475 3906 epistola
492 3829 562 3880 sua
579 3804 618 3878 in
635 3828 764 3880 eorum
782 3828 914 3880 manus
932 3804 1088 3880 veniret.
1106 3805 1309 3880 -Verum

157 3943 243 4019 hoec
274 3938 414 4016 ultima
443 3939 538 4015 ratio
564 3938 726 4015 ostendit
754 3939 905 4039 quidem
930 3962 1013 4014 eam
1037 3936 1309 4037 interpretatio-

156 4101 245 4154 nem
270 4097 350 4150 non
373 4096 452 4147 esse
474 4071 633 4173 positive
654 4071 950 4175 improbabilem,
977 4097 1049 4148 non
1067 4075 1193 4148 autern
1211 4069 1307 4170 posi-

176 4333 207 4393 (n
219 4327 250 4378 V.
264 4318 394 4376 Testim.
406 4317 470 4378 Caii,
480 4319 603 4384 Append.
615 4333 676 4385 pag.
688 4318 718 4369 4.
788 4321 816 4384 (s)
828 4319 912 4384 capp.
926 4329 981 4368 xvn
993 4318 1021 4368 et
1032 4325 1104 4369 nun.
1141 4397 1145 4408 δ

172 4423 206 4492 (2)
217 4409 369 4488 Append.
383 4421 443 4474 pag.
456 4409 486 4460 2.
