3170 5134
356 429 412 490 tao
595 447 663 492 mss.
688 448 727 493 ιιι.
752 447 787 492 or
808 447 936 496 lucroso
958 450 1257 498 curiosoruouumou.

728 721 1011 781 bauconus
1045 723 1107 781 IV.

427 975 469 1022 DE
485 978 698 1030 ARGUMENTIS
714 980 907 1030 SENTENTIAE
922 979 1013 1026 MODO
1029 979 1208 1026 STABlLlTAE
1223 979 1428 1028 CONTRARIIS.

405 1219 469 1302 63.
497 1224 645 1302 Horum
662 1227 840 1329 pleraque
859 1225 939 1324 ¹jam
959 1223 1205 1301 refutavimus
1223 1224 1421 1301 occasione
1440 1249 1504 1300 ar-

354 1363 617 1460 gumentorum
641 1386 725 1462 quae
749 1360 1003 1462 superioribus
1025 1360 1194 1437 articulis
1224 1359 1372 1462 prolata
1394 1366 1499 1437 sunt.

353 1493 514 1571 Restant
526 1499 652 1572 tamen
669 1494 850 1574 nonnulla
867 1495 1001 1595 quibus
1015 1495 1198 1572 sententia
1211 1502 1340 1572 nostra
1358 1497 1502 1573 directe

353 1631 574 1734 impugnata
591 1638 647 1710 est
664 1633 724 1709 vel
738 1630 952 1733 impugnari
971 1635 1095 1732 posset
1115 1662 1122 1707 ε
1144 1658 1227 1733 quae
1240 1633 1322 1732 jam
1339 1633 1502 1711 veniunt

351 1767 622 1868 perpendenda.
645 1768 776 1868 Itaque

400 1899 486 2000 Obj.
507 1915 539 1978 1.
569 1899 707 2001 Opinio
725 1899 791 1975 illa
813 1923 897 1999 quae
922 1897 1172 2001 Hippolytum
1193 1903 1384 1975 auctorem
1403 1901 1499 1974 Plu'-

287 2031 291 2042 ’
353 2037 418 2108 loa.
460 2057 504 2108 ac
542 2033 696 2134 proinde
733 2033 1014 2110 schismaticum
1056 2039 1093 2111 et
1130 2034 1349 2112 haereticum
1389 2035 1495 2122 facit,

351 2166 544 2242 roriciliari
570 2168 697 2270 nequit
718 2193 803 2244 cum
826 2168 1065 2244 veneratione
1086 2194 1160 2269 qua
1187 2193 1332 2269 semper
1358 2169 1497 2245 Patres

352 2301 548 2404 Hippolyti
572 2329 705 2380 nomen
729 2308 766 2380 et
787 2303 927 2404 scripta
949 2303 1129 2392 citarunt,
1155 2303 1292 2406 passim
1321 2301 1428 2378 illum
1454 2309 1497 2378 ut

350 2443 499 2514 ticulum
531 2437 591 2514 vel
615 2450 794 2514 saucium
823 2441 860 2514 ct
881 2439 1171 2514 sanctissimum
1193 2438 1381 2514 doctorem
1412 2436 1495 2512 lau-

349 2571 479 2648 dantes
500 2575 550 2670 (1).

399 2709 448 2785 R.
488 2709 545 2784 Ne
574 2707 612 2783 in
647 2707 822 2807 ambiguo
856 2731 1063 2790 versemur,
1099 2707 1319 2782 advertatur
1352 2703 1494 2805 duplici

350 2840 494 2918 ratione
517 2865 563 2915 cx
588 2839 658 2917 hoc
682 2844 903 2940 argumento
927 2839 1099 2916 concludi
1122 2863 1228 2941 posse
1255 2841 1386 2913 contra
1411 2863 1493 2912 sen-

348 2975 505 3052 tentiam
524 2979 703 3062 nostram,
718 2976 892 3052 videlieet
908 3011 946 3057 a.
960 2979 1144 3078 quatenus
1162 2977 1391 3051 assereretur
1409 2999 1493 3050 carn

350 3132 517 3210 pugnare
530 3133 616 3184 cum
630 3107 734 3184 cultu
748 3109 812 3210 qui
821 3109 1059 3209 jamdudum,
1075 3108 1303 3210 approbante
1320 3106 1490 3190 ccclesia,

350 3241 555 3344 Hippolyto
577 3242 756 3319 tribuitur
778 3247 970 3346 tamquam
992 3248 1140 3332 sancto;
1164 3241 1227 3318 vel
1248 3258 1282 3322 o.
1305 3241 1403 3344 quod
1428 3267 1491 3342 po-

348 3380 423 3456 tius
442 3380 627 3455 intentum
641 3379 803 3466 videtur,
819 3381 917 3482 quod
934 3380 1166 3458 contradicat
1182 3377 1396 3455 auctoritati
1417 3378 1490 3453 Pa-

250 3611 256 3622 ·
348 3517 463 3602 trum,
484 3513 546 3614 qui
566 3513 814 3617 Hippolytum
833 3521 875 3591 ut
892 3519 1062 3592 sanctum
1079 3513 1279 3590 celebrant.
1296 3514 1384 3590 lam
1402 3537 1491 3588 vcro

350 3798 451 3848 -nium
471 3821 484 3840 v·
503 3798 545 3852 (P.
567 3797 599 3847 G.
617 3799 637 3846 t.
655 3797 726 3848 XLI.
747 3813 773 3863 p.
793 3801 859 3859 lul).
873 3826 904 3835 —
938 3799 1001 3850 libri
1020 3799 1089 3850 sexti
1112 3799 1183 3850 illst.
1204 3799 1340 3850 Eusebius
1358 3798 1491 3848 memorat

349 3889 444 3948 Quoad
461 3888 572 3939 titulum
585 3902 648 3939 roro
665 3889 784 3941 diaconi.
797 3890 844 3952 uui
858 3891 904 3941 liic
938 3891 1063 3955 Dionysii
1086 3890 1265 3942 Alexandrini
1288 3889 1433 3956 epistolam
1456 3887 1488 3938 sd

349 3984 498 4047 Hippolyto
510 3984 649 4044 tribuitur,
665 3989 740 4036 notat
757 3986 903 4038 ironicus
937 3988 1076 4041 Romanos
1087 3982 1231 4047 διαινικῆν
1246 3989 1359 4038 missam
1374 3979 1418 4038 ae
1435 3989 1488 4036 ‘ls-

349 4083 387 4141 (ιιι
396 4081 572 4132 suaeditiooe
584 4095 698 4146 operum
712 4083 738 4134 S.
751 4083 903 4149 Hippolyti,
937 4077 1056 4132 πολύτιυ
1069 4104 1080 4118 -
1094 4081 1167 4148 (Viri.
1180 4079 1353 4131 Tost.V1.l.
1365 4079 1487 4143 Append.

350 4174 460 4240 Proleg.
474 4189 500 4238 p.
516 4176 557 4228 xl:
571 4197 583 4216 u
597 4175 725 4228 Fortasse
738 4177 904 4244 Hippolytus
938 4197 1000 4248 pag.
1013 4179 1115 4242 ΞΜ).

348 4264 395 4316 ille
406 4267 441 4316 ab
457 4269 570 4316 arrrtoro
586 4269 835 4320 commentitiorum
849 4271 898 4322 bu-
965 4277 995 4336 (ι)
1005 4275 1079 4326 rost.
1091 4275 1114 4325 1.
1124 4274 1155 4330 5.
1170 4273 1486 4334 10;11.1.14,1⁷,18‚

344 4366 390 4426 jus
403 4364 518 4415 Consilii
532 4365 650 4416 Romani
663 4367 794 4418 Actorum
806 4369 899 4434 appel·
933 4371 972 4422 21
986 4373 1119 4437 (Appeud.
1134 4386 1196 4436 pag.
1208 4367 1311 4428 lli-im

347 4451 421 4504 latur
433 4451 583 4514 Diaconos,
596 4455 726 4516 quoniam
739 4457 767 4508 io
778 4459 901 4509 extremo
