3180 5134
452 445 588 494 ooarnov.
612 442 794 492 unct'narr.
818 443 927 493 aseer.
1222 429 1255 486 aa

24 625 25 642 ³
124 623 176 664 nus
192 621 283 673 unus,
302 618 356 662 nac
370 617 430 661 una
444 603 577 672 ecclesia,
598 617 650 660 nee
667 603 737 660 fides
753 615 820 672 una,
834 602 885 660 sed
899 617 952 660 nec
964 616 1040 660 unus
1057 601 1187 674 spiritus,
1201 602 1254 661 aut

120 677 227 776 corpus
245 718 353 770 unum,
371 699 556 760 manifestum
575 703 620 757 est
636 715 690 757 nee
705 700 850 771 baptisma
866 700 949 757 nobis
966 700 996 757 et
1012 700 1159 758 haereticis
1175 715 1252 758 com-

23 837 25 870 3
119 819 207 860 mune
224 818 291 861 esse
309 815 402 873 posse,
419 801 524 872 quibus
546 801 616 857 nihil
636 800 681 857 est
700 801 818 856 omnino
839 815 1002 858 commune.
1023 801 1059 857 Et
1076 801 1175 858 tamen
1194 818 1251 859 non

25 947 28 955 .
118 901 210 971 pudet
225 889 407 970 'Stephanum
418 898 526 956 talibus
538 899 680 954 adversus
693 897 848 954 ecclesiam
861 898 1055 968 patrocinium
1068 899 1210 970 praestare
1222 899 1252 956 ot

25 1045 36 1066 ,,
118 999 242 1069 propter
261 997 415 1054 haereticos
434 996 606 1054 asserendos
624 995 841 1053 fraternitatem
860 996 1000 1064 scindere,
1021 997 1139 1068 insuper
1154 998 1184 1054 et
1201 999 1252 1068 cy·

117 1093 258 1164 prienam
277 1093 529 1165 pseudochristum
548 1094 578 1150 et
597 1092 871 1164 pseudoapostolum
887 1093 918 1150 at
932 1093 1065 1152 dolosum
1084 1094 1251 1164 operarium

32 1227 34 1232 -
117 1191 228 1250 dicere.
245 1193 300 1256 Qui
313 1192 452 1249 omniain
465 1206 497 1248 se
514 1205 578 1248 essa
593 1193 727 1248 conscius
743 1189 886 1261 prevenit
902 1188 935 1246 ut
952 1190 1037 1246 alteri
1055 1205 1090 1246 ea
1104 1205 1157 1261 per
1173 1207 1251 1248 men·

116 1286 236 1344 decium
253 1287 392 1358 objiceret
406 1303 472 1359 quae
495 1289 609 1360 ipsoex
625 1287 730 1345 merito
745 1287 848 1345 audire
866 1287 992 1344 deberet.
1011 1291 1087 1346 Bane
1106 1285 1136 1345 te
1151 1289 1250 1346 valere

25 1425 26 1428 ,
117 1384 255 1442 omnibus
272 1385 354 1442 nobis
372 1385 600 1455 cumuniversis
618 1386 667 1456 qui
684 1385 713 1442 in
730 1385 828 1442 Africa
846 1384 915 1442 sunt
931 1384 1073 1456 episcopis
1089 1385 1120 1442 et
1136 1387 1249 1444 cunctis

21 1525 23 1559 3
115 1483 235 1540 clericis
249 1484 279 1540 at
292 1485 370 1540 omni
384 1484 568 1541 fraternitate
584 1483 714 1541 universi
729 1483 875 1554 optamus,
895 1484 929 1542 ut
944 1484 1084 1556 perpetuo
1098 1488 1249 1545 unanimes

114 1580 144 1635 et
169 1596 264 1638 unum
289 1581 445 1639 sentientes
469 1581 628 1639 habeamus
653 1581 803 1639 nobiscum
825 1581 914 1638 etiam
939 1582 975 1638 de
1000 1582 1156 1654 longinquo
1178 1585 1248 1642 adu·

114 1679 211 1736 natos.
236 1703 249 1726 n
272 1679 307 1750 (1)

223 1807 262 1874 7.
289 1814 478 1874 Sententiae
497 1816 738 1889 episcoporum
758 1817 973 1875 aesculeto
997 1817 1145 1876 concilii

281 1919 571 1992 carthaginensis
595 1921 635 1978 da
653 1919 1081 1992 haereticisbaptizandis.

20 2121 21 2128 ἵ
152 2079 166 2102 n
189 2057 263 2111 cum
281 2055 312 2111 in
328 2069 419 2112 unum
436 2055 603 2126 carthagini
620 2056 823 2114 convenissent
841 2055 974 2112 kalendis
994 2053 1170 2126 Septembris
1187 2057 1245 2127 epi·

20 2151 21 2154 ’
115 2153 198 2223 scopi
217 2153 337 2224 plurimi
350 2169 387 2210 ex
404 2154 554 2225 provincia
565 2154 672 2222 Africa,
687 2155 831 2220 Numidia,
846 2153 1033 2217 Mauritania,
1047 2169 1114 2210 oum
1127 2155 1245 2225 presby·

111 2249 188 2307 teris
208 2251 240 2308 et
261 2250 440 2318 diaconibus,
463 2251 607 2322 prasente
625 2251 714 2308 etiam
735 2251 826 2323 plebis
845 2250 974 2306 maxima
995 2251 1088 2320 parte,
1112 2254 1142 2308 et
1160 2252 1246 2310 lectae

111 2349 213 2408 essent
228 2348 335 2405 litterae
347 2349 480 2406 tubaiani
492 2349 529 2406 ad
549 2351 725 2422 cyprianum
738 2350 833 2417 sactae,
847 2350 918 2406 item
931 2349 1066 2420 cypriani
1080 2349 1117 2406 ad
1130 2351 1244 2408 Jubaia·

111 2462 185 2503 num
195 2448 358 2519 rescriptae,
369 2447 495 2519 quidque
507 2449 691 2520 postmodum
705 2449 847 2519 cypriano
860 2447 1018 2504 Jubaianus
1031 2448 1107 2508 idem
1120 2451 1244 2520 rescrip-

110 2545 195 2612 serit,
222 2545 382 2616 Cyprianus
404 2547 481 2604 dixit
507 2568 513 2604 :
541 2548 683 2615 Audistis,
709 2548 829 2618 collegae
854 2544 1050 2613 dilectissimi,
1077 2547 1146 2616 quid
1171 2548 1243 2604 mihi

108 2643 272 2699 dnbaianus
291 2645 480 2716 coepiscopus
493 2647 593 2703 noster
609 2646 758 2717 scripserit
776 2643 930 2702 consulens
948 2643 1180 2730 mediocritatem
1193 2661 1243 2702 no

107 2739 203 2796 stram
223 2741 259 2797 de
271 2741 373 2799 illicito
386 2745 416 2801 et
430 2745 550 2816 profano
563 2745 769 2802 hereticorum
782 2743 935 2814 baptismo,
953 2742 983 2798 et
996 2741 1065 2812 qnid
1078 2741 1105 2796 ei
1118 2744 1242 2814 rescrip-

107 2839 209 2905 serim,
224 2853 344 2896 censens
361 2842 472 2900 scilicet
489 2843 566 2914 quod
584 2844 674 2900 semel
691 2843 779 2914 atque
796 2843 904 2898 iterum
917 2841 947 2897 et
966 2855 1043 2910 saepe
1062 2841 1239 2909 censuimus,

107 2934 263 2993 haereticos
274 2937 309 2994 ad
320 2940 473 2997 ecclesiam
483 2942 630 2998 venientes
643 2941 774 2998 ecclesie
786 2940 930 3010 baptismo
943 2936 1083 3008 baptizari
1093 2938 1123 2994 et
1135 2938 1241 2996 sancti·
1256 2949 1259 2957 '

107 3031 192 3089 ficari
211 3035 356 3104 oportere.
372 3038 444 3093 Item
457 3038 541 3095 lectae
554 3038 623 3096 ennt
634 3039 717 3096 vobis
730 3039 760 3094 et
772 3038 838 3094 eliae
849 3035 984 3092 lubaianl
1003 3034 1120 3102 litterae,
1135 3035 1240 3104 quibus
1291 3019 1297 3028 ’

106 3144 161 3200 pro
185 3145 239 3186 sua
258 3133 371 3192 sincera
390 3136 420 3191 et
438 3136 575 3206 religiosa
592 3136 744 3193 devotione
762 3137 799 3193 ad
813 3133 966 3206 epistolam
985 3132 1115 3189 nostram
1134 3136 1240 3190 rescri-

106 3229 190 3298 benS,
210 3246 267 3287 non
286 3232 402 3290 tantum
420 3237 566 3293 consensit
585 3235 635 3292 sed
654 3237 742 3293 etiem
760 3233 938 3292 instructum
955 3247 987 3290 se
1007 3247 1071 3290 essa
1089 3233 1239 3290 confessus

105 3333 219 3401 gratias
232 3334 300 3404 egit.
317 3336 454 3406 Superest
466 3338 500 3394 ut
512 3338 547 3394 de
561 3339 615 3394 hec
628 3339 691 3410 ipsa
709 3353 742 3394 re
756 3338 861 3409 singuli
881 3335 949 3408 quid
967 3334 1126 3392 sentiemus
1142 3334 1238 3403 prola·

104 3443 218 3496 ramus,
230 3431 373 3488 neminem
382 3433 557 3502 Judieantes,
569 3435 620 3492 aut
630 3436 722 3506 ajure
732 3434 944 3491 communionis
957 3433 1094 3502 aliquem,
1106 3434 1131 3488 si
1141 3433 1237 3491 diver·

19 3579 20 3586 ,
104 3542 172 3584 sum
192 3530 326 3598 senserit,
340 3532 518 3590 amoventes.
534 3536 632 3604 Neque
652 3535 729 3590 enim
746 3535 899 3604 quisquam
919 3531 1052 3588 nostrum
1069 3533 1237 3602 episcopum

18 3689 20 3710 ι
104 3637 135 3680 se
155 3637 221 3680 esse
240 3625 442 3696 episcoporum
461 3629 622 3697 constituit,
642 3629 694 3687 eut
707 3631 860 3700 tyrannico
873 3629 988 3686 terrore
1004 3627 1041 3706 ad
1061 3628 1236 3699 obsequendi

104 3718 310 3776 necessitatem
322 3722 448 3792 collegas
461 3738 529 3780 suos
541 3725 642 3795 adigit,
657 3725 771 3796 quando
791 3725 898 3782 habeat
910 3726 1004 3782 omnis
1017 3725 1168 3795 episeopus
1181 3742 1235 3796 pro

103 3814 224 3871 licentia
236 3815 378 3876 libertatis
391 3819 421 3875 et
433 3821 585 3890 potestatis
606 3837 666 3879 suae
679 3823 833 3879 arbitrium
847 3823 1008 3894 proprium,
1023 3825 1141 3893 tamque
1157 3824 1235 3894 judi-

103 3912 166 3968 cari
187 3913 224 3968 ab
246 3914 303 3970 allo
322 3931 379 3972 non
398 3919 490 3988 possit
508 3934 595 3990 quam
612 3935 664 3976 nec
681 3921 742 3990 lpse
759 3921 855 3991 potest
873 3921 1000 3977 alterum
1014 3920 1157 3990 judicare.
1179 3922 1234 3979 Sed

103 4009 309 4078 exspectemus
328 4014 458 4070 universi
473 4015 616 4084 judicium
630 4019 742 4074 Domini
763 4019 857 4075 nostri
875 4021 945 4076 Jesu
958 4017 1075 4086 christi,
1089 4021 1139 4090 qni
1158 4035 1234 4077 unus
1283 4084 1288 4094 ,

103 4105 133 4160 et
144 4103 226 4160 solus
239 4105 327 4162 habet
338 4107 513 4178 potestatem
525 4111 556 4168 et
568 4113 754 4184 praeponendi
768 4127 820 4171 noa
833 4114 863 4171 in
877 4114 1009 4174 ccclesia
1021 4129 1083 4180 suae
1095 4117 1236 4190 guberna-

101 4201 184 4258 tione
197 4201 227 4258 et
239 4201 276 4260 de
288 4204 357 4261 actu
370 4206 470 4264 nostro
479 4208 639 4280 judicandi.

127 4449 156 4505 (ι)
167 4449 198 4494 Ρ.
209 4447 236 4495 L.
251 4451 268 4496 t.
281 4448 325 4496 111.
338 4461 363 4508 p.
378 4453 430 4498 115³
441 4463 495 4512 sqq.
