3132 5140
163 381 226 428 rar.
249 381 269 427 r.
294 370 387 428 urnur
408 369 570 426 morulans
591 367 813 424 unumunurm
834 362 1122 417 sxoonuuncrrran.
1166 347 1225 413 259

89 573 148 626 ”a
174 553 210 626 te
239 546 419 626 abstineri
449 529 570 648 posse,
607 541 730 620 solum
759 544 798 617 te
828 539 874 616 ab
904 535 1076 615 omnibus
1112 534 1224 612 absti-

88 721 103 750 π
126 685 237 762 nuisti
258 723 274 751 a
297 688 348 784 (r).

126 863 167 947 Ι30
184 871 388 961 Rationem
405 868 540 970 agendi
559 865 741 970 Stephani
765 889 851 942 cum
875 862 1009 965 legatis
1029 862 1221 939 Afrorum.

86 1003 203 1092 Quam
226 1006 285 1086 ita¹
302 1004 442 1081 ironice
466 1003 580 1080 refert
601 1001 848 1079 Firmilianus
867 1003 903 1100 (2)
927 1030 933 1075 :
963 1037 978 1065 a
1003 997 1104 1087 Quid
1126 997 1226 1074 enim

87 1139 300 1217 ”humilius
335 1143 402 1218 aut
430 1139 552 1217 lenius
586 1163 701 1242 quam
735 1163 821 1215 cum
856 1142 913 1215 tot
946 1137 1129 1240 episcopis
1159 1160 1226 1238 per

86 1278 239 1353 »totum
272 1275 455 1352 mundum
495 1273 731 1362 dissensisse,
767 1297 897 1374 pacem
937 1296 1024 1348 cum
1065 1269 1225 1373 singulis

87 1411 226 1489 ”vario
271 1411 469 1489 discordiae
510 1433 646 1512 genere
687 1413 941 1512 rumpentem,
986 1407 1096 1484 modo
1139 1430 1226 1483 cum

86 1579 100 1606 π
122 1543 393 1634 Orientalibus,
418 1545 516 1646 quod
537 1567 605 1620 nec
626 1567 693 1619 vos
716 1542 835 1620 latere
858 1542 1093 1632 confidimus,
1116 1542 1226 1620 modo

86 1683 328 1770 avobisoum,
360 1681 424 1784 qui
458 1681 498 1756 in
528 1679 688 1757 Meridie
721 1679 827 1768 estis;
860 1681 1047 1781 aquibus
1082 1678 1226 1780 legatos

87 1847 101 1862 ·
123 1815 316 1918 episcopos
341 1815 527 1922 patienter
557 1814 648 1893 satis
679 1817 716 1892 et
739 1813 873 1891 leniter
897 1815 1074 1918 suscepit,
1098 1819 1141 1892 ut
1163 1840 1226 1891 eos

87 1974 187 2026 nnec
210 1951 258 2028 ad
283 1975 494 2028 sermonem
515 1948 649 2028 saltem
671 1948 847 2050 colloquii
865 1949 1075 2026 communis
1092 1949 1226 2026 admit-

86 2087 228 2177 areret,
262 2086 387 2164 adhuc
417 2087 585 2188 insuper,
621 2084 830 2162 dilectionis
857 2090 896 2186 et
922 2085 1118 2164 charitatis
1149 2109 1225 2162 me-

86 2244 215 2311 nmor,
249 2221 472 2323 praeciperet
496 2219 725 2298 fraternitati
755 2220 943 2298 universae
964 2207 1020 2297 'ne
1049 2221 1133 2322 quis
1163 2243 1226 2295 eos

85 2387 99 2416 a
119 2353 157 2430 in
181 2355 338 2433 domum
359 2380 467 2433 suam
485 2356 679 2458 reciperet,
699 2359 743 2432 ut
759 2356 994 2433 venientibus
1011 2379 1087 2432 non
1104 2353 1226 2431 solum

84 2511 191 2588 ”pax
219 2493 256 2566 et
286 2489 515 2580 communio,
548 2491 611 2568 sed
638 2496 675 2569 et
706 2495 847 2568 tectum
871 2496 908 2568 et
934 2491 1140 2593 hospitium
1163 2515 1226 2566 ne-

84 2627 284 2724 ngaretur.
309 2661 325 2690 n
1321 2603 1327 2614 ¹

125 2811 296 2888 4⁰Verba
304 2811 488 2915 Cypriani
502 2813 663 2892 inOonc.
675 2812 858 2914 Carthag.
875 2813 921 2889 de
934 2813 1131 2915 Baptismo
1144 2810 1221 2888 III:

13 3047 14 3052 Ἰ
85 2943 297 3047 eSuperest
322 2949 365 3022 ut
393 2945 439 3022 de
464 2947 535 3024 hac
565 2947 648 3050 ipsa
671 2971 711 3023 re
738 2947 798 3046 [de
821 2948 1006 3051 baptismo
1031 2935 1224 3024 haeretico-

83 3083 216 3180 arum]
243 3081 384 3182 singuli
411 3083 500 3184 quid
527 3084 734 3160 sentiamus
761 3083 1010 3186 proferamus
1037 3084 1224 3161 neminem

85 3217 340 3316 ⁵judicantes,
368 3223 435 3298 aut
457 3244 481 3298 a
501 3222 589 3322 jure
612 3219 886 3297 communionis
909 3220 1087 3322 aliquem,
1114 3220 1146 3298 si
1172 3221 1225 3297 di-

13 3375 14 3378 ‘
84 3375 270 3428 ¹eversum
293 3323 466 3443 senserit,
492 3357 721 3432 amoventes.
750 3355 881 3455 Neque
905 3354 1005 3431 enim
1024 3355 1224 3457 quisquam

83 3497 284 3566 »nostrum
314 3492 530 3594 episcopum
559 3518 599 3570 se
624 3491 883 3596 episcoporum
912 3493 1120 3585 constituit,
1152 3503 1220 3574 aut

82 3624 313 3723 »tyrannico
334 3629 478 3703 terrore
498 3627 546 3703 ad
570 3627 797 3728 obsequendi
824 3628 1083 3706 necessitatem
1109 3629 1220 3708 colle-

82 3787 182 3863 rgas
216 3790 304 3842 suos
338 3766 471 3868 adigit,
508 3768 657 3869 quando
696 3767 833 3845 habeat
870 3771 991 3847 omnis
1026 3773 1221 3875 episeopus

82 3927 183 4004 apro
205 3903 359 3982 licentia
391 3905 575 3984 libertatis
609 3912 646 3984 et
679 3909 875 4010 potestatis
909 3935 988 3987 suae
1021 3911 1222 3990 arbitrium

82 4069 98 4098 r
113 4041 324 4143 proprium,
349 4045 501 4144 tamque
519 4043 685 4146 judicari
709 4046 756 4122 ab
778 4045 853 4123 alio
876 4073 949 4124 non
973 4049 1091 4151 possit
1108 4074 1221 4151 quam

109 4392 135 4460 (ι)
147 4395 273 4463 Appond.
290 4409 355 4461 pag.
368 4391 409 4449 u.
675 4395 708 4464 (r)
717 4397 804 4466 Epist.
815 4398 890 4450 citu.
900 4399 941 4450 25.
951 4397 1084 4463 (Append.
1094 4413 1155 4466 pag.
1169 4395 1219 4462 72).
