3208 5150
333 455 371 514 tl
537 466 608 512 mss.
631 467 662 512 n.
684 465 720 509 nn
740 465 877 512 counov.
899 465 980 510 cruca
1000 465 1153 510 catanam.
1178 463 1277 508 rison.

335 634 433 709 diem
456 631 646 708 memoriae
668 629 951 706 resurrectionis
969 629 1178 706 Dominicae
1204 653 1356 706 sacrum
1378 655 1487 707 eum-

335 767 420 844 dem
446 769 652 842 statuerent
676 788 749 866 quo
778 761 903 840 Judaei
929 761 1079 839 Pascha
1109 787 1220 839 suum
1250 787 1363 864 agere
1387 763 1488 841 sole-

335 903 436 979 bant.
459 902 500 978 ld
519 905 618 977 certe
635 922 753 999 neque
769 923 793 974 a
810 899 979 973 veterum
993 895 1127 998 quovis
1140 895 1217 972 illis
1231 897 1491 998 exprobratur

237 1052 240 1064 “
334 1062 453 1138 neque
482 1035 600 1112 ullam
625 1033 737 1110 habet
766 1030 1078 1134 probabilitatem.
1108 1031 1266 1108 Certum
1291 1037 1349 1108 est
1380 1033 1488 1109 cuim

336 1171 530 1250 Christum
556 1195 631 1246 non
656 1165 905 1243 resurrexisse
928 1164 1020 1240 luna
1046 1157 1193 1240 decima
1222 1171 1374 1265 quarta,
1406 1191 1489 1268 qua

333 1305 457 1383 Judeei
488 1303 638 1381 Pascha
661 1325 770 1378 suum
794 1324 840 1376 ex
863 1297 1082 1401 praescripto
1106 1296 1201 1398 legis
1225 1297 1486 1389 celebrabant,

333 1438 396 1516 sed
420 1437 532 1514 biduo
554 1441 620 1513 aut
643 1435 767 1512 triduo
789 1437 885 1536 post,
912 1457 976 1508 seu
1003 1431 1096 1508 luna
1119 1431 1265 1508 decima
1287 1438 1397 1510 sexta
1419 1435 1487 1512 vel

332 1571 446 1648 etiam
469 1571 613 1648 decima
634 1571 803 1672 septima.
833 1569 961 1669 Neque
975 1567 1141 1669 profecto
1166 1568 1236 1644 hoc
1261 1569 1395 1646 Asiani
1414 1595 1483 1646 nc-

333 1705 473 1806 gabant
497 1710 565 1781 aut
589 1704 812 1806 ignorabant
836 1733 843 1778 :
869 1705 1035 1778 attamen
1059 1701 1106 1777 ad
1133 1699 1386 1802 Evangelium
1412 1731 1486 1784 seu

331 1836 543 1941 exemplum
561 1839 711 1916 Domini
737 1838 992 1941 provocabant
1014 1836 1061 1912 ad
1080 1835 1349 1914 defendendam
1368 1865 1484 1919 suam

330 1972 649 2061 consuetudinem,
681 1977 724 2050 ut
748 1970 940 2072 colligitur
964 1995 1011 2046 ex
1037 1968 1196 2072 epistola
1225 1969 1444 2073 Polycratis
1470 2007 1479 2052 :

328 2105 412 2206 qui,
449 2110 532 2207 post
564 2106 697 2183 citatos
732 2105 953 2208 Philippum
988 2110 1024 2182 et
1052 2105 1237 2182 loannem
1267 2107 1477 2208 apostolos,

328 2236 495 2339 aliosque
513 2240 779 2316 sanctosviros
800 2270 808 2314 :
833 2275 849 2304 κ
871 2238 922 2314 Hi
941 2262 1068 2315 omnes
1091 2239 1167 2337 (ait)
1187 2238 1286 2316 diem
1309 2241 1480 2322 Paschae

329 2409 345 2440 n
367 2379 502 2475 quartu
519 2374 663 2453 decima
679 2374 901 2469 lunajucctc
919 2377 1176 2471 Eccnpclz‘unc
1194 2376 1447 2457 observarunt
1466 2411 1475 2458 :

328 2542 344 2572 n
367 2505 628 2586 nihilomnino
652 2508 856 2598 variantes,
881 2509 943 2584 sed
962 2506 1133 2610 regulam
1153 2507 1237 2585 fidei
1256 2515 1480 2591 constanter

327 2677 344 2707 a
366 2646 561 2744 sequentes
586 2679 602 2710 a
624 2647 742 2742 (1).—
764 2644 996 2720 Praedictum
1019 2648 1156 2721 autem*
1170 2669 1334 2722 errorem
1361 2671 1479 2749 pepe-

325 2775 389 2864 rit,
418 2782 460 2854 ut
487 2777 650 2868 videtur,
677 2803 796 2881 prava
821 2779 1079 2881 interpretatio
1102 2779 1275 2856 vocabuli
1304 2785 1476 2872 Pascha,

323 2933 397 3011 quo
418 2912 568 2989 nomine
588 2919 672 3016 post
695 2913 906 2992 Concilium
929 2913 1126 2990 Nicaenum
1151 2913 1228 2990 fere
1252 2913 1479 3015 designatus

306 3213 310 3222 '
323 3206 524 3273 recalcitrante,
547 3210 691 3276 Polycrate
710 3212 737 3262 et
757 3210 797 3261 les
817 3210 876 3260 ere-
912 3223 965 3262 aux
978 3209 1039 3272 sept
1054 3209 1154 3274 eglises
1170 3209 1292 3272 quisunt
1306 3224 1341 3261 cn
1354 3211 1420 3264 Asia
1433 3228 1441 3263 ε
1460 3220 1480 3266 a

323 3311 391 3360 quos
407 3299 455 3350 des
473 3301 617 3364 provinces
632 3300 760 3352 voisincs.
780 3301 809 3350 2⁰
827 3299 880 3350 Les
913 3299 1031 3363 Epheso,
1057 3302 1073 3348 t
1095 3298 1221 3363 Smyrna,
1244 3303 1261 3349 a
1283 3299 1429 3365 Pergamo.
1459 3310 1480 3354 a

323 3401 509 3455 personnages
519 3391 585 3442 dont
596 3388 881 3455 l'cxcmplerassurait
913 3387 1053 3452 Thyatira,
1071 3391 1088 3438 a
1104 3387 1214 3446 Sardes,
1225 3379 1248 3437 ‘a
1264 3387 1478 3454 Philadelphus,

323 3474 442 3541 leveque
454 3479 589 3544 d'prese
601 3479 736 3530 n'avaicnt
752 3491 802 3543 pas
817 3480 879 3529 tous
911 3477 1074 3530 dLaodicte
1087 3499 1099 3520 n
1113 3483 1211 3541 (capr.
1225 3492 1266 3528 vv.
1282 3479 1320 3536 lo,
1336 3479 1384 3529 lli.
1399 3477 1480 3532 C'est

322 3563 398 3634 siege
421 3569 490 3620 dans
519 3585 550 3620 sa
572 3571 714 3635 province;
742 3568 884 3642 plusieurs·
913 3568 983 3620 dans
996 3569 1022 3619 le
1037 3569 1146 3619 diocese
1158 3568 1248 3619 d'hsie
1261 3581 1314 3630 que
1326 3581 1373 3619 ces
1390 3567 1479 3622 villos

323 3660 432 3712 avaient
452 3659 543 3712 habite
563 3661 683 3712 d'autres
702 3660 824 3711 endroits
844 3659 879 3711 d'c
912 3672 941 3711 se
958 3660 1143 3711 renccntrent.
1163 3681 1175 3700 a
1194 3686 1226 3694 —
1243 3659 1338 3720 ltaque
1354 3659 1479 3711 conclu-

321 3749 478 3802 l'esarchat.
492 3752 520 3802 3⁰
531 3751 585 3802 Les
597 3751 718 3802 diverses
733 3749 878 3814 provinces
911 3748 1030 3799 dandum
1043 3747 1151 3799 videtur
1162 3761 1261 3798 nomen
1274 3747 1344 3797 Asiae
1355 3747 1400 3798 hic
1412 3761 1479 3802 non

321 3839 355 3890 dc
364 3839 648 3892 l'esarchatdevalant
657 3839 749 3890 imitor
758 3837 876 3902 Epheso,
911 3837 1024 3888 delinito
1040 3837 1073 3886 ad
1087 3835 1180 3887 Asiam
1193 3836 1330 3888 Minorem
1342 3837 1384 3888 vel
1398 3837 1477 3889 dioe-

320 3928 435 3993 puisque
447 3930 559 3994 l‘apbtrc
571 3930 643 3981 saint
653 3929 724 3981 dean
735 3928 809 3978 avait
819 3927 877 3990 pris
911 3927 996 3978 casim
1008 3912 1139 3976 helenam
1156 3925 1197 3977 rol
1210 3925 1302 3976 Asiam
1316 3939 1478 3990 proconsu-

319 4030 356 4067 un
380 4017 442 4071 scin
457 4015 523 4083 eger
541 4019 575 4070 de
595 4019 685 4068 tontes
700 4031 746 4068 ces
762 4015 872 4080 eglises.
907 4015 996 4066 larem
1018 4015 1216 4080 designandam
1239 4016 1273 4065 ab
1297 4014 1417 4066 Eusebio
1440 4023 1480 4070 et

318 4107 395 4157 Nous
418 4107 503 4159 lisons
525 4107 560 4159 s'u
583 4107 818 4160 commencement
840 4107 873 4156 de
907 4105 969 4156 aliis
992 4105 1115 4168 antiquis
1138 4106 1301 4168 usurpatum
1323 4118 1393 4166 esse,
1418 4111 1478 4160 sed

314 4197 529 4262 l'Apocalypsc:
549 4219 561 4240 a
578 4197 729 4249 J'entendis
746 4196 870 4247 derriere
905 4195 996 4260 magis
1015 4194 1161 4246 indellnite
1176 4193 1220 4243 his
1237 4192 1478 4250 lccisiadicatam

317 4286 373 4338 mci
391 4299 444 4338 unc
461 4287 522 4338 voix
538 4286 674 4338 delatanle
691 4299 799 4337 comme
817 4298 871 4337 une
905 4284 1047 4348 regionem
1068 4282 1147 4333 illam
1170 4295 1230 4345 quae
1259 4281 1370 4333 nominc
1392 4283 1478 4338 nsiae

314 4377 470 4440 trompette,
483 4377 530 4439 qui
542 4377 625 4428 discit
639 4391 645 4426 :
661 4375 739 4426 Eoris
752 4375 821 4426 dans
833 4389 869 4425 un
904 4374 1001 4426 vocari
1018 4373 1134 4425 solebat.

314 4472 381 4526 livre
393 4487 424 4525 ce
435 4487 488 4537 que
500 4475 529 4524 tu
542 4473 668 4540 apercois
680 4475 708 4524 et
719 4471 872 4524 adressa-lc
937 4473 969 4536 (ι)
979 4471 1104 4536 Append'.
1119 4484 1183 4534 pag.
1197 4465 1212 4521 7
1224 4471 1294 4521 mod.
