3154 5134
344 403 403 462 264
571 419 644 464 mss.
665 420 694 464 v.
719 419 754 464 on
774 419 915 466 coranos.
931 391 1018 466 *cinci
1040 421 1120 466 narr.
1145 420 1255 466 naam.

344 583 509 662 Victoris
530 589 567 660 et
587 583 748 661 aliorum
770 585 1028 686 episcoporum
1051 585 1090 660 in
1108 550 1365 663 controversia
1385 586 1472 661 cirea

345 716 630 797 celebrationem
654 719 738 797 festi
764 720 961 797 Paschalis
984 723 1035 818 (ι),
1060 745 1104 797 ea
1126 720 1247 798 solum
1275 720 1472 799 testimonia

346 855 618 932 recensebimus
643 857 706 933 ubi
733 856 800 934 illa
822 858 1027 935 auctoritas
1049 857 1170 958 magis
1196 858 1337 936 directe
1357 862 1393 934 et
1410 856 1479 930 dis.

345 987 463 1066 tincte
479 991 673 1067 asseritur.
695 992 788 1069 Haec
805 997 931 1070 autem
950 994 1117 1095 praebent
1138 1023 1145 1068 :
1246 1059 1249 1066 ,

398 1185 432 1249 1.
462 1177 643 1254 ΙοΝΑτιυε
672 1179 943 1268 Antiochense,
971 1179 1061 1256 dum
1087 1169 1285 1282 epistelam
1312 1204 1413 1256 snam
1435 1176 1472 1252 ad

349 1312 541 1391 Romtnos
575 1313 729 1391 missam
763 1315 934 1392 inscribit
970 1351 986 1380 ιι
1024 1315 1203 1393 Ecclesiae
1242 1343 1326 1418 quae
1351 1315 1474 1414 presi·

353 1485 368 1514 n
390 1455 452 1524 det
469 1457 686 1546 (προκάθηται)
705 1451 743 1527 in
764 1452 846 1528 loco
867 1451 1030 1551 regionis
1053 1451 1373 1538 Romanorum...
1400 1447 1474 1524 ritri-

351 1619 367 1648 n
390 1608 494 1660 cerac
520 1588 636 1662 coetui
664 1579 933 1680 fraternitatis
949 1585 1169 1680 praesidens
1198 1592 1409 1678 (epotatnpae'm
1432 1598 1473 1665 rte

351 1757 367 1786 n
387 1729 531 1815 ἀγάπης)
557 1758 573 1786 n
599 1723 649 1818 (a).
678 1766 725 1775 -
750 1719 859 1797 Certe
886 1717 991 1794 nulla
1014 1718 1229 1820 hujusmodi
1254 1722 1369 1797 verba
1390 1739 1475 1818 repe

350 1860 501 1937 riantur
531 1856 722 1960 incapite
751 1855 914 1932 aliarum
944 1855 1083 1955 Ignatii
1119 1855 1475 1957 epistolarumque

351 1993 540 2093 inscriptae
563 1996 651 2069 sunt
673 1992 852 2066 Ecclesioe
877 2015 965 2085 quoe
989 2001 1044 2064 est
1069 1993 1212 2086 Ephesi
1239 1993 1292 2087 (3),
1316 1986 1475 2066 Ecclesia

349 2153 443 2224 quoe·
459 2129 669 2224 Mopnese'oe
685 2139 741 2203 est
763 2129 814 2224 (4),
833 2127 1017 2231 Ecclesioe
1038 2137 1182 2202 scoctoe
1201 2152 1292 2220 quoe
1313 2137 1365 2204 est
1385 2124 1476 2199 Trot-

350 2267 450 2341 lt'brts
478 2266 529 2361 (5),
553 2265 777 2339 Ecclesice...
804 2287 892 2357 qarae
919 2273 974 2336 est
999 2261 1279 2356 Pbitadctpbt‘oe
1309 2263 1345 2357 (e)
1368 2260 1476 2335 Eccle-

348 2400 460 2474 sioe...
482 2423 569 2493 quoe
585 2409 640 2474 est
656 2403 835 2490 Smyrnae
852 2398 903 2492 (τ),
923 2419 1085 2496 quarum
1106 2393 1348 2472 ecelesiarum
1371 2389 1473 2472 nulla,

348 2533 446 2610 sicut
467 2533 655 2622 Romana,
684 2533 821 2610 dieitur
837 2535 1062 2629 praesidere.
1085 2533 1163 2609 Neo
1180 2531 1259 2608 vim
1282 2525 1474 2634 argumenti

350 2669 498 2760 minuit,
530 2669 593 2745 sed
623 2676 737 2772 auget
766 2669 870 2747 locus
903 2641 1106 2770 parallelus
1130 2667 1315 2745 adductus
1343 2671 1387 2745 ab
1411 2663 1475 2740 He·

350 2803 494 2903 feletas),
521 2806 585 2882 ubi
614 2807 814 2883 Antiochia
839 2821 1034 2902 rpcmtnpbn
1047 2827 1098 2893 τῆς
1111 2821 1264 2892 ἀνατολῆς,
1292 2798 1476 2908 praesidens

351 2943 510 3032 Orienti,
539 2949 695 3022 vocatur
722 2947 822 3048 apud
850 2949 1036 3025 loannem
1057 2946 1344 3024 Antiochenum.

400 3134 439 3200 2.
466 3129 719 3206 Insanosde
743 3132 899 3208 ecclesia
924 3133 1127 3210 Romana:
1155 3167 1170 3195 a
1194 3129 1252 3206 nd
1279 3129 1372 3206 hanc
1391 3117 1475 3198 onim

353 3262 585 3340 aecclesiam
619 3263 694 3360 (ait)
729 3269 881 3367 propter
914 3265 1161 3366 potentiorem
1197 3265 1262 3362 [ct.
1299 3247 1475 3365 potiorem]

354 3396 707 3499 ”principalitatem
734 3423 882 3476 necesse
905 3406 961 3477 est
984 3399 1184 3476 convenire
1209 3423 1355 3474 omnem
1377 3383 1475 3467 eccle·
1546 3425 1547 3504 p

353 3571 368 3600 n
391 3534 500 3623 siam,
522 3534 591 3611 hoc
609 3539 665 3610 est
678 3559 740 3611 eos
754 3535 817 3638 qui
835 3542 922 3613 sunt
939 3537 1117 3638 undique,
1137 3535 1175 3610 in
1194 3558 1270 3635 qua
1288 3545 1422 3630 semper
1437 3517 1475 3591 ab

356 3649 1473 3772 ”mmmmmmfflmffifflmmm

354 3837 369 3866 ε»
390 3802 569 3904 apostolis
590 3803 744 3881 traditio
772 3842 787 3871 .-
809 3808 859 3906 (o).
885 3806 1058 3894 -Quod
1081 3805 1307 3908 praeclarum
1329 3793 1473 3878 testimo·

382 4063 414 4124 (ι)
425 4061 479 4112 Otr.
492 4077 576 4128 supra
589 4063 662 4114 Diss.
674 4064 711 4116 11.
725 4066 790 4130 Cap.
800 4065 832 4116 V.
846 4065 878 4116 N.
892 4067 906 4116 l
975 4066 1004 4127 (s)
1018 4066 1087 4116 lbid.
1099 4081 1124 4130 p.
1138 4067 1195 4116 674.

352 4157 424 4226 (pag.
438 4153 489 4203 801.
970 4159 1003 4222 (o)
1015 4157 1085 4208 lbid.
1100 4171 1125 4219 p.
1139 4159 1196 4208 698.

382 4244 411 4302 tat
425 4241 455 4292 P.
467 4243 498 4294 G.
512 4245 531 4294 t.
545 4245 576 4296 V.
592 4261 617 4310 p.
631 4247 688 4298 686.
967 4248 997 4310 (τ)
1013 4247 1083 4297 lbid.
1100 4261 1125 4310 p.
1139 4248 1196 4297 707.

385 4335 414 4396 (ιι)
426 4333 497 4384 lbid.
511 4349 536 4399 p.
550 4337 607 4387 643.
972 4343 1004 4393 tat
1018 4336 1088 4388 lbid.
1103 4351 1129 4400 p.
1144 4337 1199 4388 686.
1214 4337 1270 4387 not.
1283 4335 1321 4386 30.

382 4435 412 4494 (tl
424 4433 493 4484 lbld·
509 4448 535 4498 Ρ·
548 4435 605 4486 662·
971 4435 1001 4500 (a)
1013 4435 1138 4501 Appond.
1152 4449 1214 4500 pag.
1227 4427 1256 4482 2.
