3132 5140
289 470 353 516 mr.
378 471 415 516 iv.
437 468 558 526 eunoun
579 470 614 514 ux
635 470 680 516 ms
702 469 947 530 iocusinonmos,
970 470 1032 516 mc.
1177 457 1235 518 217

125 653 170 736 6.
193 671 239 737 5ο
261 654 433 733 Ulterius
457 654 541 730 inde
564 653 738 730 eonoludi
761 658 884 756 potest
907 655 1082 734 Romano
1106 657 1236 734 Ponti-

69 791 133 867 fici
154 816 206 868 ea
224 793 338 868 aetate
354 788 526 892 agnitum
539 787 655 865 fuisse
668 790 732 890 jus
750 788 932 866 condendi
946 813 1105 867 canones
1119 790 1233 867 ecole-

69 925 268 1003 siasticos.
300 925 429 1027 Neque
455 924 555 1000 enim
581 923 704 1025 carpit
734 923 964 1027 Hippolytus
996 925 1235 1003 insolentiam

67 1065 141 1136 aut
163 1059 358 1137 defectum
381 1059 618 1138 auctoritatis
645 1058 825 1159 legitimae
847 1058 886 1134 in
909 1057 1068 1135 Callisto
1091 1063 1142 1158 (ι),
1170 1058 1232 1135 sed

69 1194 208 1296 ipsum
234 1194 427 1270 decretum
458 1192 698 1304 reprehendit
726 1196 921 1294 tamquam
950 1191 1062 1268 nimis
1087 1190 1230 1269 laxum.

67 1331 91 1406 J
95 1353 165 1405 am
184 1321 295 1418 vero,
319 1329 350 1405 si
368 1331 460 1432 jura
483 1352 553 1404 sua
574 1327 751 1404 excedere
774 1353 849 1404 non
870 1327 1070 1405 videbatur
1092 1327 1233 1405 Roma-

69 1489 145 1540 nus
167 1464 351 1541 Pontifex
373 1464 563 1540 decretum
585 1462 737 1540 serendo
760 1463 861 1540 cirea
882 1463 1030 1564 judicia
1047 1463 1234 1566 episeopo

71 1621 179 1686 rum,
214 1601 312 1673 certe
335 1623 359 1674 a
381 1596 528 1673 fortiori
546 1621 620 1672 non
637 1595 894 1698 denegabatur
911 1597 945 1672 ei
961 1598 1025 1698 jus
1044 1596 1233 1674 statuendi

68 1732 117 1808 de
140 1731 237 1808 aliis
262 1732 430 1810 materiis
450 1732 660 1836 disciplinae
677 1732 954 1822 ecclesiasticae,
975 1758 1060 1834 quae
1076 1733 1233 1810 minoris

70 1883 167 1956 sunt
188 1879 383 1956 momenti.

126 2079 166 2164 7.
192 2099 235 2164 6³
257 2083 492 2160 Praeclarum
513 2083 644 2159 deinde
668 2108 714 2159 ex
738 2086 891 2159 auctore
914 2086 1042 2158 nostro
1066 2083 1231 2161 testimo-

73 2219 190 2296 nium
213 2219 374 2296 habetur
398 2219 633 2321 antiquitatis
656 2217 750 2319 legis
774 2218 971 2295 coelibatus
996 2218 1160 2321 impositi
1185 2218 1231 2294 iis

74 2355 144 2456 qui
165 2353 287 2430 sacris
305 2355 499 2431 ordinibus
517 2355 655 2432 initiati
674 2358 763 2432 sunt
779 2358 790 2455 t
806 2358 829 2453 ).

129 2545 172 2628 8.
192 2563 232 2628 7⁰
246 2547 305 2624 Ex
319 2546 479 2624 historia
496 2545 645 2624 Callisti
663 2551 820 2648 apparet
833 2569 946 2647 quam
965 2544 1072 2648 parvi
1092 2544 1232 2623 faceret

74 2681 240 2759 ecelesia
256 2681 477 2783 praejudicia
500 2685 537 2756 et
554 2685 809 2782 contemptum
833 2706 918 2783 quae
935 2681 1113 2782 vigebant
1129 2681 1228 2784 apud

74 2815 248 2892 ethnicos
271 2839 362 2916 erga
383 2815 632 2892 conditionem
657 2816 832 2892 servilem
859 2847 865 2892 :
895 2841 1011 2917 quum
1033 2817 1229 2894 videamus

75 2973 232 3024 servum
257 2947 366 3025 illum
392 2975 466 3026 non
491 2952 602 3028 modo
627 2950 726 3060 olero
751 2951 998 3054 adscriptum,
1026 2951 1089 3028 sed
1114 2957 1151 3030 et
1172 2952 1228 3029 illi

75 3082 324 3184 praepositum
341 3089 378 3160 et
394 3085 527 3164 deinde
544 3087 706 3164 electum
720 3087 760 3163 in
775 3087 975 3166 Summum
990 3089 1225 3167 Pontificem.

77 3217 136 3294 lta
158 3223 260 3295 certe
281 3219 552 3310 efficacissime,
581 3224 753 3324 quamvis
781 3223 976 3312 indirecte,
1003 3226 1229 3324 procurabat

76 3353 375 3431 emendationem
394 3357 653 3437 institutorum
671 3359 772 3434 oiroa
789 3382 930 3434 servos.
982 3358 989 3372 '

128 3549 169 3634 9.
193 3567 234 3634 8⁰
259 3552 427 3656 Denique
450 3560 487 3633 et
505 3557 628 3634 simile
652 3558 795 3660 aliquid
821 3559 966 3638 adverti
987 3565 1109 3664 potest
1125 3561 1228 3642 oiroa

77 3688 331 3765 matrimonia.
360 3689 550 3767 Nimirum
581 3717 697 3793 quum
723 3681 771 3768 ex'
795 3692 942 3795 legibus
971 3693 1155 3773 Romanis
1181 3723 1227 3774 ex

77 3847 153 3899 una
165 3827 273 3924 parte
286 3824 567 3902 matrimonium
580 3826 792 3928 legitimum
806 3827 936 3906 multis
951 3829 1226 3933 impedimentis

78 3957 288 4059 subjeetum
317 3963 426 4048 esset,
463 3985 510 4037 ex
541 3962 617 4039 alia
646 3987 736 4040 vero
771 3963 913 4066 nuptiae
947 3962 1154 4066 illegitimae
1183 3990 1227 4043 ao

109 4293 140 4354 (ι)
154 4292 241 4352 Quem
253 4307 336 4360 agero
350 4300 481 4364 supponit
492 4301 522 4350 ut
534 4301 633 4353 Roma·
668 4325 680 4346 s·
695 4306 740 4356 tur
750 4327 762 4347 n
777 4305 914 4371 (Append.
928 4318 991 4369 pag.
1008 4301 1046 4358 48
1058 4306 1119 4370 post
1131 4302 1225 4370 med).

81 4395 146 4434 num
159 4383 322 4436 Pontificem
336 4403 342 4437 :
357 4411 369 4430 a
379 4389 529 4442 arbitratus
547 4391 632 4455 [enim
698 4395 728 4458 (a)
741 4395 796 4445 Gfr.
808 4409 892 4459 supra
904 4394 969 4457 cap.
985 4393 1035 4445 lll.
1050 4395 1083 4446 N.
1097 4397 1121 4444 9.

82 4471 178 4536 mmet]
190 4485 221 4538 se
237 4487 297 4527 esso
309 4477 418 4529 nactum
429 4481 502 4542 quod
514 4481 629 4533 vendoa-
