3170 5134
493 513 556 560 car.
579 513 618 559 iv.
641 512 676 561 sn
698 510 878 561 urrrourrus.
1199 504 1257 567 lar

96 681 208 758 riam
238 685 439 758 servarunt
467 685 504 756 et
532 679 781 768 celebrarunt,
809 684 851 756 ut
880 679 1060 758 habemus
1085 707 1131 760 ex
1158 685 1255 763 Pru-

96 815 251 904 dentia
271 839 421 892 cavero
440 839 523 916 quae
540 819 650 891 antea
668 815 792 890 minus
810 819 909 892 recte
927 824 1054 916 egerat
1071 819 1257 898 oblivione

95 947 227 1024 deleri
251 949 466 1025 maluerunt
494 977 501 1024 :
528 949 639 1050 idque
662 975 686 1026 a
709 948 856 1026 fortiori
881 951 1136 1051 praestiterunt
1159 956 1187 1032 ii
1211 983 1257 1034 ex

95 1085 190 1185 ejus
220 1084 465 1161 sectatoribus
495 1084 560 1184 qui
590 1083 815 1185 magistrum
845 1109 955 1161 suum
984 1086 1031 1163 ad
1062 1088 1256 1168 ecclesiam

96 1215 326 1292 redeuntem
350 1215 468 1293 secuti
491 1220 590 1294 sunt.
618 1217 738 1294 Pauci
765 1221 891 1296 autem
918 1218 975 1295 illi
1001 1223 1065 1322 qui
1093 1227 1255 1326 pertina-

94 1373 165 1424 ces
190 1347 232 1423 in
250 1348 452 1426 schismate
475 1355 736 1428 remanserunt
760 1376 835 1428 non
855 1351 947 1430 adeo
973 1363 1156 1435 curarunt
1176 1385 1254 1438 ma-

94 1485 271 1584 gistrum
298 1485 362 1587 qui
389 1487 489 1588 ipsos
519 1487 735 1564 deseruerat
760 1490 796 1563 et
821 1487 968 1590 publice
992 1490 1253 1587 damnaverat,

95 1643 226 1720 quum
251 1620 461 1721 praesertim
482 1620 595 1723 paulo
618 1624 702 1724 post
723 1621 935 1699 invenerint
951 1623 1063 1702 duces
1081 1629 1255 1708 audacio·
1373 1613 1374 1616 i

95 1779 164 1830 res
191 1759 230 1830 et
253 1755 374 1856 magis
399 1756 601 1858 improbos
627 1757 981 1862 Nouatum-scilicet
1009 1764 1046 1836 et
1073 1763 1253 1842 Neratia-

95 1913 214 1976 num‚
234 1913 327 1988 quos
349 1913 486 1989 magno
504 1888 628 1966 studio
641 1891 763 1967 secuti
781 1889 934 1968 luerint.

155 2085 230 2173 56.
251 2106 292 2171 5⁰
313 2090 535 2193 Explicatur
556 2090 691 2166 erectio
713 2088 780 2166 illa
801 2092 935 2166 statuae
956 2115 1176 2172 marmoreae
1198 2103 1250 2199 (l,

96 2225 208 2328 quod
226 2217 376 2300 ¹lactum
401 2223 594 2326 hucusque
618 2223 728 2300 valde
753 2223 892 2300 mirum
918 2227 1093 2327 apparuit
1121 2261 1128 2305 :
1157 2233 1251 2311 nulli

4 2415 5 2426 2
96 2361 209 2436 enim
231 2383 488 2435 successorum
510 2357 549 2436 S.
574 2358 693 2446 Petri,
717 2357 793 2433 imo
815 2357 909 2432 nulli
931 2358 1102 2464 episcopo
1121 2355 1250 2444 wcatho-

4 2463 5 2476 ἵ
95 2494 179 2569 lico
202 2491 334 2594 primis
356 2490 491 2568 seculis
512 2490 599 2568 talis
624 2491 744 2568 honor
764 2491 914 2568 videtur
934 2493 1098 2572 tributus
1119 2497 1246 2580 fuisse.

98 2630 239 2706 Unum
256 2628 416 2704 babetur
433 2625 569 2704 horum
586 2631 796 2730 temporum
814 2627 936 2703 simile
953 2639 1248 2726 monumentum,

98 2769 137 2840 et
165 2762 318 2864 quidem
344 2762 398 2840 ita
423 2760 545 2838 simile
569 2766 612 2840 ut
636 2760 796 2838 alterum
820 2761 867 2838 ad
891 2761 1046 2840 alterius
1073 2766 1249 2848 imitatio-

98 2925 192 2978 nem
209 2900 419 2978 confectum
437 2899 552 2976 fuisse
564 2899 771 2977 existimari
789 2899 919 3002 possit,
934 2904 1059 2979 statua
1072 2905 1250 2985 nimirum

98 3059 211 3112 aenea
229 3033 269 3112 S.
291 3033 396 3111 Petri
414 3033 503 3110 item
521 3034 655 3113 Romae
672 3035 724 3109 in.
746 3059 819 3110 sec.
841 3033 898 3110 III
916 3037 970 3132 (ut
987 3036 1251 3120 existimarunt

99 3172 228 3275 periti)
254 3175 379 3248 erecta
402 3173 452 3269 (2).
480 3171 568 3248 Jam
592 3193 681 3247 vero
707 3193 842 3272 parum
868 3169 1043 3247 credibile
1067 3178 1124 3250 est
1142 3176 1248 3253 Pon·

97 3309 225 3384 tifices
250 3313 288 3384 et
313 3305 439 3382 fideles
470 3305 676 3394 Romanos,
702 3305 792 3381 dum
822 3303 970 3381 nullum
995 3306 1071 3384 tale
1096 3308 1249 3390 honoris

97 3443 257 3544 signum
286 3441 503 3518 exhiberent
533 3437 779 3517 Pontificibus
808 3438 1061 3541 superioribus
1090 3445 1128 3519 ct
1157 3445 1250 3522 viris

97 3575 337 3680 apostolicis
368 3599 460 3676 quos
482 3573 522 3649 in
543 3577 649 3650 tanta
672 3573 857 3650 habebant
880 3573 1131 3664 veneratione,
1154 3575 1248 3655 illud

96 3719 232 3790 tamen
269 3709 481 3787 exhibuisse
514 3713 582 3786 aut
613 3707 727 3785 etiam
761 3707 928 3785 exhiberi
967 3707 1099 3786 sivisse
1135 3709 1248 3789 alicui

98 3845 280 3949 scriptori
305 3843 555 3922 ecclesiastico
578 3865 653 3919 non
677 3842 731 3918 ita
754 3865 833 3943 prae
857 3813 1030 3917 omnibus
1053 3840 1138 3918 aliis
1162 3843 1248 3921 illu-

98 3985 184 4062 stri.
207 3983 259 4059 At
275 3985 406 4058 contra
426 3978 536 4056 valde
553 3975 730 4054 credibile
745 3977 895 4052 videtur
912 3979 1112 4053 sectatores
1134 3977 1248 4054 eccle-

99 4119 169 4195 siae
196 4115 460 4204 schismaticae,
486 4112 576 4189 dum
602 4110 727 4189 fideles
752 4111 892 4188 dehac
915 4109 1098 4211 praeclara
1123 4115 1249 4189 statua

131 4425 165 4489 (ι)
175 4423 234 4474 Crr.
248 4437 331 4488 supro
342 4423 403 4474 NN.
415 4423 441 4486 6,
453 4425 478 4474 7.
693 4419 810 4470 habetur
826 4432 869 4483 ap.
888 4419 954 4468 Sim.
973 4431 1007 4468 nn
1028 4417 1190 4478 Mamertus,
1212 4418 1246 4468 ad

138 4515 171 4574 (ι)
190 4509 305 4577 Effigies
325 4513 407 4575 hujus
422 4512 520 4563 statue
540 4507 567 4562 S.
587 4509 663 4562 Petri
697 4522 723 4573 p.
737 4509 793 4558 ³50.
