3180 5134
757 463 876 512 Arrana.
901 455 939 508 D.

304 699 308 706 ι
425 632 564 686 bilibris
581 631 746 696 liturgicis
764 630 987 684 iiccleslarum
1004 628 1273 683 occidentalium.

315 760 386 827 46.
410 767 531 826 Horum
541 771 690 826 librorum
700 774 775 836 loca,
787 771 840 825 nbi
849 767 1038 838 Hippolytus
1047 768 1217 825 Laurentii
1228 771 1330 825 socius
1344 773 1434 826 indi-

271 875 370 938 catur,
390 875 436 928 uel
462 875 556 929 etiarn
575 873 713 943 refertur
737 875 871 929 historia
895 875 963 942 ejus
985 877 1136 940 martyrii
1155 875 1323 929 secundum
1345 875 1433 930 Acta

270 965 302 1024 S.
318 966 486 1025 Laurentii
498 967 546 1042 (1),
562 975 698 1026 recenset
716 971 867 1026 Rusellani
880 968 925 1042 (a).
941 969 1028 1025 Inter
1042 973 1112 1034 illos
1125 975 1229 1026 autern
1242 973 1434 1040 antiquissi-

270 1082 339 1124 mus
356 1072 400 1122 est
416 1065 544 1124 Missaie
564 1067 726 1125 Gothicum
743 1066 814 1141 (sec.
836 1065 918 1124 VIII
929 1071 974 1123 vel
993 1065 1078 1140 VII).
1096 1099 1129 1107 —
1147 1066 1261 1130 Quibus
1279 1069 1357 1124 adde
1373 1067 1433 1123 Li-

155 1234 159 1245 .
270 1167 358 1220 brurn
372 1165 499 1222 Comitia
508 1182 563 1222 seu
572 1169 739 1236 antiquum
748 1164 982 1222 Lectionariurn
991 1167 1109 1220 editum
1118 1180 1138 1219 a
1148 1167 1250 1222 Missx
1261 1163 1298 1238 (a)
1309 1168 1433 1234 quique

271 1277 291 1318 a
309 1265 500 1333 quibusdam,
515 1278 578 1318 non
595 1267 698 1319 tamen
713 1265 792 1318 satis
809 1267 892 1318 certa
906 1263 979 1332 fide,
998 1259 1030 1318 S.
1045 1257 1239 1330 Hieronymo
1256 1263 1431 1317 attributus

270 1364 314 1416 esi
327 1360 372 1432 (4).
388 1359 426 1416 In
441 1376 500 1431 quo
515 1363 630 1432 lepitur
645 1380 652 1416 :
669 1383 682 1406 u
698 1359 796 1416 idibus
809 1360 943 1430 Augusti.
959 1358 1064 1416 Natale
1077 1360 1173 1416 sancti
1186 1359 1305 1430 Ypoliti.
1323 1359 1430 1416 Lectio

271 1457 339 1514 libri
350 1459 516 1529 Sapientiae.
526 1459 627 1514 Omnis
637 1457 750 1513 amicus
761 1457 839 1514 dicet
848 1457 879 1514 at
889 1458 1051 1514 amicitiam
1061 1455 1206 1528 copulari,
1218 1469 1312 1526 usque
1323 1457 1431 1512 suavis

271 1554 327 1610 est.
343 1555 535 1625 Evangelium
554 1555 717 1611 secundum
736 1555 846 1610 Lucam
860 1568 925 1625 cap.
943 1556 1063 1610 CXLIV.
1078 1554 1160 1610 Dixit
1171 1554 1257 1609 iesus
1270 1551 1431 1622 discipulis

270 1653 342 1720 suis,
358 1652 509 1709 adtendite
522 1667 540 1708 a
553 1653 710 1720 fermento,
725 1666 818 1723 usque
831 1667 934 1708 conam
947 1651 1059 1722 augelis
1074 1651 1148 1721 ejus.
1166 1676 1179 1698 n

517 1798 544 1849 H
560 1795 753 1861 Menolosslis
770 1799 804 1849 et
820 1795 957 1849 lileuaels
974 1796 1170 1849 Graecorum.

315 1917 386 1983 47.
417 1921 655 1991 Manologium
684 1921 820 1978 Basilii.
850 1925 887 1979 29
915 1921 989 1978 Ian.
1018 1943 1032 1966 u
1064 1919 1172 1976 Eodem
1199 1918 1246 1974 die
1271 1919 1429 1974 certamen

271 2029 367 2084 sancti
390 2027 619 2097 saoromartyris
642 2027 792 2098 Hippolyti
815 2030 904 2100 Papae
925 2029 956 2084 et
978 2029 1139 2084 sociorum.
1161 2029 1251 2082 Sacer
1272 2024 1430 2095 Hippolyti

271 2124 501 2193 sacromartyris
511 2124 607 2181 coetns
621 2124 729 2180 claruit
743 2124 863 2180 Claudio
877 2125 1059 2195 imperatore
1069 2125 1100 2181 et
1112 2123 1228 2180 Vicario
1240 2121 1427 2178 Praeiecto...

272 2223 483 2280 Censorinus...
505 2221 616 2278 milites
635 2237 737 2278 omnes
757 2221 793 2276 ad
814 2221 1030 2279 christiliam
1044 2221 1208 2292 pertraxit3
1229 2217 1279 2289 qui
1301 2217 1430 2288 tyranni

267 2317 356 2388 jussu
369 2318 507 2375 decollati
521 2319 590 2376 suut
605 2341 611 2375 :
628 2319 658 2375 in
672 2317 777 2389 quibus
791 2319 848 2375 iuit
860 2318 947 2375 beata
960 2318 1071 2388 chryse
1084 2317 1207 2388 ejusque
1221 2329 1326 2371 servus
1341 2309 1429 2370 Sabi-

272 2427 337 2471 nus.
354 2414 384 2470 ld
400 2414 449 2471 ubi
467 2415 589 2473 rescivit
609 2414 784 2486 Hippolytus
803 2419 894 2486 Papa,
908 2416 1009 2472 divino
1021 2415 1083 2472 zelo
1103 2417 1241 2471 incensus
1260 2412 1429 2482 tyrannum

271 2513 354 2580 adiit,
369 2513 399 2570 et
412 2514 558 2570 acerrime
571 2512 778 2584 reprehendit:
794 2512 844 2582 qui
857 2513 904 2568 ira
916 2512 1143 2577 excandescens,
1158 2511 1288 2580 primum
1301 2506 1429 2577 quidem

270 2611 459 2668 acerbissime
473 2611 663 2682 Hippolytum
676 2611 809 2680 torqueri
819 2609 920 2681 iussit,
938 2609 1060 2680 ejusque
1074 2608 1198 2666 comites
1212 2605 1426 2675 presbyteros,

271 2709 415 2766 Diaconos
433 2711 463 2766 et
477 2711 654 2780 Episcopum
670 2729 675 2764 :
691 2708 795 2764 deinde
808 2708 938 2778 alligatis
951 2707 988 2764 ad
1002 2722 1108 2764 manus
1121 2706 1267 2777 pedesque
1280 2704 1429 2774 gravissi-

271 2805 431 2872 misseris,
452 2807 481 2861 in
501 2805 680 2876 profundum
699 2819 782 2860 mare
795 2804 861 2862 illos
881 2805 1007 2876 projecit
1028 2825 1035 2862 :
1057 2806 1147 2877 atque
1159 2805 1190 2861 in
1203 2803 1283 2860 bunc
1300 2803 1430 2859 modum

271 2901 363 2958 vitam
374 2901 523 2958 finierunt.
538 2927 551 2950 n
563 2900 601 2975 (s)

312 3002 344 3059 lo
362 3001 444 3069 Aua.
466 2999 688 3057 Postrelatunc
702 3003 891 3070 martyrium
900 2997 955 3058 SS.
969 2999 1063 3069 Xysti
1075 3005 1103 3056 et
1113 2999 1305 3056 Laurentii:
1322 3023 1335 3044 u
1352 3001 1430 3055 San·

271 3098 337 3154 ctus
348 3112 419 3153 vero
433 3096 608 3167 Hippolytus
618 3112 722 3154 eorum
735 3112 889 3154 assumens
899 3097 1040 3168 reliquias
1049 3097 1139 3168 atque
1150 3098 1305 3168 sepeliens,
1317 3097 1431 3167 captus

271 3196 344 3264 init;
368 3195 399 3252 et
417 3194 556 3265 alligatus
575 3196 612 3252 ad
632 3197 790 3279 indomitos
813 3211 915 3268 equos,
935 3196 1072 3267 raptatus
1091 3195 1326 3254 consummatur.
1352 3222 1365 3242 a
1388 3197 1430 3267 (a)

315 3323 386 3408 48.
409 3329 647 3400 Horologium
665 3331 764 3400 aliud,
785 3331 827 3386 aa
839 3329 875 3388 30
894 3327 1054 3399 Ianuarii,
1068 3333 1218 3385 intentarat
1231 3316 1431 3398 Hippolytum

272 3432 383 3500 Papam
396 3432 506 3490 Romae.
522 3431 559 3506 (τ)
1229 3419 1232 3426 ’

314 3558 385 3625 49.
410 3566 645 3634 synaxarium
663 3581 721 3623 sec.
734 3565 767 3622 X
775 3569 808 3621 in
822 3565 1010 3624 Bibliotheca
1022 3565 1239 3624 Laurentiano
1252 3563 1284 3621 F
1281 3568 1433 3624 loreniiae

271 3674 450 3740 repositum,
459 3675 500 3728 aa
509 3675 526 3729 8
536 3673 698 3738 Ianuarii,
709 3672 807 3742 refert
818 3673 1009 3744 Hippolytum
1019 3673 1188 3743 episcopum
1200 3673 1377 3728 Romanum.
1389 3673 1431 3744 (s)

300 3931 328 3988 (ι)
336 3929 373 3977 Da
384 3932 476 3989 quibus
486 3943 564 3990 supra
575 3933 644 3980 'lest
658 3927 705 3979 11.
892 3936 920 3990 (i)
931 3935 1067 4003 lissuuani
1078 3933 1268 3993 (asmonaei.
1276 3933 1432 3988 Ecetuntu.

300 4018 327 4072 (a)
339 4016 385 4073 lp.
400 4017 501 4076 bilonis,
512 4017 541 4063 P.
555 4017 585 4063 G.
602 4020 619 4064 t.
632 4019 665 4064 X.
683 4029 708 4074 p.
723 4021 828 4063 iil-45⁴.
860 4020 877 4063 t.
887 4016 930 4064 VI.
941 4030 966 4075 p.
976 4019 1131 4065 lea-»Aca
1143 4017 1187 4066 SS.
1197 4023 1216 4067 t.
1226 4020 1261 4065 lv
1272 4022 1336 4078 lug.
1348 4034 1373 4078 p.
1385 4027 1434 4070 508

301 4095 550 4154 iuluappendiaead
559 4100 632 4144 notas
639 4098 672 4144 ad
680 4099 834 4157 capitularia
862 4101 895 4156 (n.
909 4102 937 4144 25
948 4103 1028 4156 extri.

273 4187 362 4234 regum
369 4175 535 4223 Francorum.
543 4175 641 4224 Conci.
649 4177 830 4234 xviiipaao.
889 4181 916 4236 (a)
928 4179 1054 4239 Bauium,
1071 4179 1153 4230 Catal.
1165 4184 1237 4228 codd.
1250 4195 1328 4236 proec.
1346 4195 1373 4240 p.
1388 4189 1432 4233 131

298 4259 327 4314 (ai
339 4257 404 4305 ibid.
418 4271 442 4316 p.
453 4262 502 4306 all.
861 4261 915 4317 (cti.
937 4272 979 4319 ap.
1002 4261 1174 4320 Donusam,
1194 4261 1351 4317 Hipporum
1372 4271 1437 4314 urici

303 4340 330 4392 (a)
342 4338 388 4384 lid.
401 4338 491 4386 Urbin.
504 4342 520 4387 t.
533 4341 564 4388 ll.
578 4353 602 4398 p.
614 4345 663 4388 lli.
863 4341 998 4402 Kallistus,
1011 4356 1035 4401 p.
1049 4345 1092 4400 94).

303 4419 329 4475 (a)
340 4417 405 4464 ibid.
419 4423 436 4466 t.
447 4421 491 4466 lll.
506 4433 530 4478 p.
543 4424 593 4468 200.
