3180 5134
347 445 387 501 dd
832 421 949 502 urrann.
973 449 1013 500 Η.

346 625 485 681 Dominus
503 623 708 681 misericordia
725 637 780 679 sua
793 623 1007 694 indulgentiam
1021 625 1092 681 dare
1105 625 1135 681 et
1153 624 1268 694 eosqui
1289 624 1326 680 ad
1344 624 1489 682 ecclesiam

343 723 519 800 'simpliciter
532 722 653 779 admissi
666 723 696 778 in
709 721 836 778 ecclesia
849 723 1036 790 dormierunt
1049 725 1086 782 ab
1099 725 1233 780 ecclesiae
1250 739 1315 780 suaa
1331 722 1489 780 muneribus

346 839 405 879 non
423 823 577 893 seperare.¹
594 824 658 878 Non
677 822 778 878 mmen
798 822 868 891 quia
884 822 1043 892 aliquando
1064 823 1198 879 erratum
1218 823 1275 888 est,
1297 824 1363 879 ideo
1384 835 1490 890 semper

346 921 506 977 errandum
525 919 581 986 est,
600 935 669 976 cum
686 920 780 988 magis
800 919 982 988 sapientibus
1002 921 1032 976 et
1050 923 1143 975 Deum
1163 919 1339 975 timentibus
1358 917 1490 986 congruat

345 1015 501 1086 patefactae
520 1016 552 1072 et
573 1017 735 1086 perspecte
756 1013 876 1071 veritati
896 1013 1024 1071 libenter
1044 1016 1133 1084 atque
1154 1015 1362 1072 incunctanter
1381 1011 1489 1082 obsequi

345 1125 434 1179 quam
448 1111 640 1180 pertinaciter
657 1111 748 1180 atque
760 1109 907 1166 obstinate
919 1109 1026 1166 contra
1039 1111 1148 1168 iratres
1162 1111 1193 1168 et
1206 1110 1431 1167 consacerdotes
1443 1121 1489 1178 pre

346 1207 495 1264 haereticis
510 1208 663 1264 reluctari.

382 1425 427 1480 26.
446 1450 459 1472 a
476 1426 544 1480 Haec
561 1425 614 1480 tibi
628 1425 759 1482 breviter
772 1441 825 1496 pro
844 1427 946 1483 nostra
959 1427 1163 1482 mediocritate
1176 1428 1395 1496 rescripsimus,
1406 1423 1489 1480 irater
1561 1401 1562 1452 ³

345 1521 514 1587 carissime,
535 1522 645 1576 nemini
667 1523 893 1591 praescribentes
912 1523 965 1579 aut
984 1523 1214 1594 praeiudicantes
1234 1525 1393 1592 quominus
1411 1531 1488 1576 unus·
1561 1503 1562 1506 ¹

344 1619 467 1686 quisque
486 1619 691 1688 episcoporum
710 1619 788 1688 quod
805 1620 890 1688 putat
909 1619 1013 1686 iaciat,
1034 1620 1145 1674 habens
1166 1617 1284 1674 arbitrii
1311 1619 1356 1674 sui
1377 1617 1488 1672 liberam

344 1715 522 1784 potestatem
548 1718 618 1782 Nos,
630 1716 774 1784 quantum
785 1717 815 1771 in
826 1716 909 1772 nobis
919 1716 975 1781 est,
991 1717 1112 1785 proptor
1123 1715 1282 1770 haereticos
1297 1729 1365 1770 cum
1380 1709 1487 1778 collegis

344 1812 374 1867 et
388 1813 568 1882 coepiscopis
584 1814 693 1869 nostris
711 1828 769 1868 non
788 1793 1002 1879 contendimus,
1024 1827 1093 1868 cum
1110 1812 1216 1882 quibus
1230 1810 1364 1866 divinam
1379 1819 1488 1864 concor-

345 1908 424 1964 diam
438 1911 468 1966 et
482 1910 659 1965 dominicam
673 1925 776 1981 pacem
793 1911 943 1978 tenemus;
958 1912 1088 1966 maxime
1104 1925 1171 1966 curn
1187 1909 1217 1964 et
1233 1908 1386 1978 apostolus
1399 1903 1485 1960 dicat:

346 2005 379 2060 Si
402 2005 479 2075 quis
502 2007 619 2062 autem
638 2009 788 2077 putatur
813 2008 1061 2065 contentiosus
1080 2022 1176 2073 csse,
1205 2020 1268 2061 nos
1290 2005 1398 2061 talem
1415 1987 1487 2056 'eon
1561 2019 1562 2036 κ

345 2101 570 2158 suetudinem
596 2119 662 2158 non
689 2104 868 2172 habemus,
896 2119 1006 2174 neque
1027 2100 1188 2159 ‘ecclesia
1213 2102 1282 2157 Dei.
1312 2098 1486 2156 servatura

345 2197 429 2252 nobis
442 2199 588 2267 patienter
600 2201 630 2255 et
644 2201 750 2257 leniter
768 2201 877 2257 caritas
893 2201 994 2266 animi,
1007 2185 1124 2269 collegii
1137 2199 1242 2264 honor,
1257 2195 1408 2252 vinculum
1426 2187 1484 2244 lidci
1561 2191 1562 2208 ¹

345 2291 376 2346 et
394 2293 551 2349 concordia
570 2295 736 2351 sacerdotii.
759 2296 885 2366 Propter
907 2296 963 2352 hoc
987 2296 1078 2351 ctiam
1101 2294 1232 2350 libellum
1257 2307 1337 2348 nunc
1359 2291 1395 2345 de
1418 2287 1486 2341 bono

345 2388 505 2456 patientiae.
529 2393 672 2458 quantuni
692 2393 788 2448 valuit
809 2392 913 2448 nostra
935 2391 1134 2456 rnediocritas,
1159 2387 1349 2460 permittente
1375 2381 1485 2440 Domino
1561 2369 1562 2458 l

345 2484 375 2538 et
388 2484 549 2554 inspirante
562 2489 801 2558 conscripsimus,
817 2504 905 2558 quern
918 2489 955 2544 ad
966 2490 996 2545 te
1009 2503 1063 2558 pro
1075 2488 1179 2542 mutua
1191 2485 1349 2542 dilectione
1360 2477 1486 2538 transml·
1561 2483 1562 2510 i

345 2565 447 2638 simus.
461 2584 535 2653 Opto
546 2586 585 2652 te,
598 2586 690 2641 irater
700 2587 864 2651 carissime,
880 2601 998 2655 semper
1011 2585 1085 2641 bene
1099 2584 1209 2639 valere.
1226 2606 1240 2629 n
1256 2581 1292 2654 (ι)

368 2692 409 2768 5.
425 2710 576 2762 Curarem
596 2705 813 2774 Epistoleil.
829 2704 876 2760 Ad
900 2705 1113 2774 Pompeium,
1137 2702 1264 2758 contra
1283 2698 1466 2770 epistolam
1561 2777 1562 2784 ἵ

568 2808 749 2877 Stephani,
772 2806 813 2862 de
835 2805 1018 2863 haereticis
1041 2805 1274 2886 baptizandis.

385 2932 408 2986 l.
426 2953 440 2975 u
456 2929 619 2998 cyprianus
629 2929 768 2998 Pompeio
781 2927 867 2984 hatrl
881 2927 1018 2984 salutem.
1035 2930 1220 2996 Quamquam
1233 2926 1319 2996 plene
1332 2941 1367 2980 ea
1379 2936 1443 2993 quae
1455 2919 1487 2974 de

345 3027 493 3086 haereticis
506 3025 686 3095 baptizandis
707 3025 831 3081 dicenda
843 3026 922 3087 sunt,
938 3024 1084 3094 complexi
1095 3037 1206 3086 ¹sumus
1227 3024 1257 3079 in
1278 3021 1409 3094 epistolis
1422 3030 1486 3086 qua·

344 3139 412 3182 rum
426 3125 463 3179 ad
476 3124 506 3180 te
517 3123 652 3193 exempla
663 3124 894 3190 transmisimus,
906 3123 1000 3179 irater
1014 3123 1177 3189 carissime,
1192 3123 1292 3178 tamen
1305 3122 1374 3192 quie
1384 3115 1487 3173 desido-

344 3221 417 3278 rasti
428 3222 457 3275 ln
468 3221 603 3276 notitiam
615 3220 697 3275 tuam
711 3221 836 3288 perferri
850 3219 919 3288 quid
934 3219 1004 3274 mihi
1019 3219 1055 3274 ad
1070 3220 1186 3274 litteras
1200 3219 1318 3274 nostras
1330 3215 1487 3285 Stephanus

344 3313 437 3374 irater
457 3318 557 3374 noster
579 3317 775 3386 rescripserit,
800 3318 868 3372 misi
889 3317 943 3373 tibi
966 3317 1105 3385 rescripti
1131 3316 1195 3386 cjus
1218 3315 1389 3384 exemplum
1409 3331 1420 3369 ι·
1435 3322 1487 3380 quo

343 3415 431 3479 lecto,
453 3415 546 3483 magis
566 3429 600 3468 ac
621 3413 714 3482 magis
728 3413 792 3482 eJ'us
806 3429 940 3470 errorem
954 3413 1118 3478 denotabis,
1133 3413 1183 3482 qui
1200 3411 1411 3466 haereticorum
1427 3419 1488 3461 cau-
1561 3463 1562 3482 χ

343 3527 407 3568 sam
421 3511 526 3566 contra
539 3510 721 3566 Christianos
732 3513 762 3566 et
776 3511 882 3566 contra
892 3510 1047 3567 ecclesiam
1059 3512 1110 3565 Dei
1121 3523 1255 3565 asserere
1269 3509 1404 3564 conatur.
1419 3507 1487 3560 liam
1561 3503 1562 3568 ζ

342 3607 422 3662 inter
435 3605 535 3660 cetera
547 3605 595 3660 vel
609 3607 736 3676 superba
750 3607 796 3662 vel
810 3607 847 3662 ad
864 3621 928 3662 rem
945 3621 1003 3674 non
1017 3607 1206 3676 pertinentia,
1220 3605 1273 3660 vel
1283 3605 1338 3662 sibi
1355 3605 1410 3674 ipsi
1428 3615 1488 3657 con·
1561 3621 1562 3642 κ

342 3702 437 3758 traria
449 3715 515 3770 quae
529 3700 665 3770 imperite
679 3702 767 3771 atque
780 3702 945 3772 improvide
959 3703 1088 3771 scripsit,
1103 3697 1192 3758 etiarn
1210 3701 1282 3756 illud
1303 3697 1441 3771 adjunxit
1459 3694 1489 3751 ut
1561 3693 1562 3758 ζ

342 3797 455 3853 diceret
476 3817 482 3853 :
502 3797 535 3852 Sl
555 3797 634 3865 quis
654 3813 738 3867 ergo
757 3813 776 3853 a
795 3813 1014 3868 quacumque
1037 3798 1166 3852 haeresi
1188 3799 1331 3853 venerit
1353 3796 1394 3850 ad
1421 3805 1486 3853 nos,
1561 3777 1562 3822 l

343 3893 433 3949 nihil
452 3894 645 3949 innovetur
668 3895 736 3950 nisi
756 3893 846 3964 quod
865 3895 1043 3952 traditum
1067 3895 1131 3959 est,
1156 3893 1196 3948 ut
1215 3907 1338 3948 manus
1359 3890 1414 3946 illi
1437 3889 1487 3943 lm·

343 3989 497 4060 ponatur
526 3990 559 4044 in
589 3991 851 4059 poenitentiam,
881 4007 958 4047 curn
986 3992 1055 4060 ipsi
1085 3990 1249 4046 haeretiei
1275 3988 1423 4060 proprie
1447 3984 1487 4038 al·
1561 4047 1562 4066 χ

263 4105 267 4114 ·
341 4085 520 4140 terutrum
545 4086 645 4141 adse
673 4087 860 4143 venientes
890 4103 957 4142 non
984 4087 1183 4157 baptizent,
1216 4087 1276 4142 sed
1306 4079 1487 4142 communi·
1561 4079 1562 4170 l

320 4179 424 4233 cont
442 4179 589 4234 tanturn.

370 4407 398 4460 (ll
409 4407 437 4452 P.
452 4406 479 4454 L.
493 4407 511 4453 t.
524 4405 568 4454 111.
583 4419 607 4465 p.
622 4412 676 4455 1109
688 4422 743 4467 sqq.
