3208 5150
358 438 396 496 0⁹2
558 453 628 498 mss.
653 454 681 498 ΙΙ.
707 453 741 497 ΒΕ
762 453 902 498 conium.
925 454 1005 499 cinei
1027 453 1178 500 cataautr.
1204 455 1302 500 PASCii.

885 529 898 552 ,ι

356 605 402 680 ad
439 629 526 682 suas
560 606 749 682 doctrinas
789 607 1075 684 confirmandas.
1112 652 1160 662 -
1194 607 1340 709 injuria
1375 608 1507 708 itaque

358 736 546 814 Victorem
565 743 731 839 arguunt
749 739 947 828 Mosumm,
968 739 1027 815 Du
1046 740 1207 818 Porran
1230 739 1369 828 etalii,
1395 740 1506 841 quasi
1582 785 1583 794 .

357 870 583 972 imprudenti
613 873 724 949 nimis
751 876 788 949 et
816 873 1010 975 impotenti
1041 874 1167 950 animo
1199 875 1295 951 hanc
1327 899 1408 950 rem
1440 899 1507 974 ng·-

355 1029 505 1104 gressus
523 1005 573 1082 sit
595 1010 645 1106 t).

406 1167 445 1250 6.
460 1172 531 1250 Sed
545 1176 582 1249 et
598 1173 638 1248 in
655 1197 700 1250 ea
712 1173 914 1251 decidenda
927 1173 1095 1250 maxima
1107 1199 1198 1250 usus
1217 1178 1273 1252 est
1286 1173 1502 1276 prudentia.

356 1307 484 1407 Neque
506 1307 605 1382 enim
626 1307 753 1385 statim
776 1333 845 1384 sua
866 1308 1089 1384 auctoritate
1113 1307 1150 1384 id
1168 1306 1257 1407 egit,
1282 1307 1344 1382 sed
1367 1312 1405 1383 et
1423 1307 1506 1408 ipse

353 1439 474 1540 coegit
497 1441 681 1542 synodum
705 1441 839 1520 Romae
857 1444 894 1517 et
916 1442 956 1517 in
979 1440 1064 1517 aliis
1085 1439 1290 1543 provinciis
1308 1441 1504 1542 episcopos
1582 1501 1583 1504 ,

355 1575 400 1652 ad
426 1576 706 1654 deliberandum
731 1579 777 1655 de
800 1578 945 1655 ratione
969 1576 1188 1654 varietatem
1207 1577 1320 1652 istam
1341 1574 1503 1652 tollendi

352 1713 550 1789 convenire
558 1714 673 1814 jussit
686 1717 736 1812 (a).
755 1714 954 1815 Quumque
967 1714 1014 1788 ab
1027 1711 1110 1788 istis
1124 1709 1275 1812 synodis
1290 1710 1502 1811 responsio·

353 1873 417 1924 nes
439 1851 642 1951 accepisset
659 1851 794 1953 quibus
812 1850 948 1928 certior
970 1849 1091 1926 sactus
1115 1850 1172 1923 est
1195 1871 1336 1934 omncs,
1361 1850 1503 1947 praeter

351 1984 528 2078 Asianos,
557 2023 572 2050 a
600 2011 673 2062 uno
697 2011 884 2080 consensu
903 1983 1192 2060 ecclesiasticam
1217 1978 1386 2080 regulam
1417 1979 1501 2055 uni-

354 2156 369 2184 a
392 2120 510 2196 versis
537 2118 751 2196 fidelibus...
778 2118 976 2197 tradidisse
1004 2149 1011 2194 :
1039 2143 1085 2194 ne
1108 2114 1282 2192 videlicet
1311 2112 1388 2190 ullo
1420 2113 1499 2190 alio

353 2289 368 2318 a
391 2279 503 2354 quam
521 2255 717 2331 Dominico
735 2255 793 2330 die
808 2253 1029 2355 mysterium
1044 2248 1327 2328 resurrectionis
1341 2248 1497 2324 Domini

262 2372 265 2376 ⁵
353 2424 368 2452 a
391 2414 556 2490 unquam
579 2389 804 2478 celebratum
831 2393 945 2490 utque
968 2413 1010 2464 eo
1035 2388 1232 2465 dumtaxat
1248 2385 1308 2460 die
1325 2384 1519 2460 Pascha·

352 2557 368 2586 a
390 2521 483 2598 lium
508 2523 523 2624 j
544 2523 738 2624 juniorum
768 2522 971 2599 terminum
997 2523 1250 2609 observemus,
1286 2557 1301 2586 n
1335 2523 1372 2618 (a)
1403 2525 1497 2597 tunc

348 2657 498 2733 domum
528 2683 637 2734 suum
667 2658 870 2745 decretum,
902 2662 958 2734 tot
982 2655 1268 2734 auctoritatibus
1292 2655 1495 2732 confirma·
1582 2667 1583 2726 ξ

348 2797 443 2879 tum,
468 2791 514 2868 ad
537 2793 696 2868 Asianos
718 2793 867 2880 direxit,
887 2790 1022 2893 jubens
1040 2797 1082 2868 ut
1100 2794 1137 2867 et
1154 2791 1224 2892 ipsi
1243 2789 1331 2865 huic
1350 2790 1495 2891 regulae
1582 2871 1583 2876 ,

347 2951 387 3002 se
423 2925 710 3004 conformarent.
751 2926 882 3003 Asiani
919 2931 1045 3002 autem
1078 2924 1134 3000 illi
1176 2921 1381 3000 resistendo
1418 2947 1495 2998 non
1582 2951 1583 3018 ᾗ

346 3059 468 3136 solum
485 3061 748 3138 auctoritatem
767 3060 961 3138 Pontificis
976 3058 1154 3147 Romani,
1171 3034 1234 3133 sed
1249 3061 1286 3134 et
1302 3056 1494 3132 universae

345 3193 511 3300 ecclesiae
532 3199 756 3297 spreverunt
778 3199 827 3294 (r).

377 3396 406 3455 (ι)
425 3393 482 3444 iino
500 3393 638 3444 Victorem
657 3407 712 3445 uon
732 3407 782 3445 sua
802 3395 900 3458 sponte
920 3391 948 3434 'a
962 3393 989 3443 ot
1009 3392 1060 3442 ieci
1072 3415 1084 3436 n
1098 3391 1232 3456 (append.
1246 3403 1309 3456 pag.
1323 3385 1337 3442 7
1350 3393 1433 3454 onir.)
1461 3417 1492 3427 -

344 3483 896 3548 iilamaggi-assumesse‚sedcontrover·
933 3483 1072 3533 Praeterea
1094 3495 1174 3533 secus
1199 3480 1311 3531 difficile
1334 3480 1493 3545 explicatur
1582 3537 1583 3540 ,

344 3575 413 3626 siam
424 3575 453 3625 in
469 3575 529 3640 ipsa
544 3575 610 3626 Asia
626 3578 685 3639 ejus
701 3585 824 3641 tempore
837 3589 897 3628 essa
931 3575 1068 3638 quomodo
1086 3575 1188 3624 iactum
1205 3573 1243 3624 sit
1260 3574 1290 3622 ut
1310 3573 1351 3622 iot
1367 3573 1491 3625 concilia
1582 3550 1583 3616 i

343 3667 468 3714 exortam
488 3664 610 3716 indicare
632 3665 740 3716 videtur
762 3667 897 3718 Eusaams
931 3663 1111 3729 provincialia
1130 3663 1226 3715 eodem
1246 3665 1369 3726 tempore
1392 3663 1430 3714 do
1448 3679 1491 3714 en·

344 3760 373 3810 in
395 3773 445 3810 suo
468 3760 604 3812 Chronico
628 3762 761 3825 (append.
785 3775 846 3828 pag.
867 3759 897 3812 11
930 3763 992 3814 dom
1006 3760 1430 3813 redeliberaturaconvenerint.

343 3859 422 3920 extr.)
443 3870 493 3908 noc
513 3858 647 3908 diffitetur
666 3859 778 3910 exordio
799 3873 894 3910 narra·
961 3864 991 3922 (a)
1004 3859 1130 3923 Append.
1140 3873 1203 3923 pag.
1215 3852 1234 3907 6
1246 3857 1317 3909 med.

342 3948 425 4014 tionis¹
441 3963 497 3998 tuae
518 3949 546 3998 in
565 3947 688 3999 Histoi-iu
704 3947 892 4000 Ecclesiastico
959 3951 988 4013 (r)
1010 3949 1043 4000 ut
1056 3949 1120 4000 hine
1132 3949 1199 4000 satis
1212 3950 1327 4013 apparet
1340 3961 1425 4011 quam
1440 3963 1487 4013 pa·

342 4043 418 4104 (ibid.
433 4059 495 4110 pag.
510 4039 546 4107 6).
930 4059 991 4096 rum
1001 4047 1089 4113 logica
1101 4048 1153 4098 isto
1164 4046 1288 4110 exemplo
1300 4047 1416 4104 utantur
1428 4047 1489 4110 qui·

375 4133 895 4197 (a)ConcilioillaauctoritateVictoris
929 4137 991 4188 dam
1005 4137 1139 4189 Gallicani
1152 4139 1186 4189 ad
1197 4137 1488 4188 euasdoctiinascon-
1582 4169 1583 4196 2

341 4228 437 4276 coacta
451 4239 512 4276 esse
525 4225 640 4276 habetur
656 4239 689 4275 ex
703 4227 792 4276 verbis
809 4226 890 4292 Poly·
927 4228 1181 4292 firmandas:quum
1191 4228 1339 4279 admittant
1348 4227 1375 4277 et
1384 4241 1488 4294 magno

341 4318 425 4368 cratis
438 4333 444 4366 z
456 4339 468 4358 u
480 4317 595 4368 Possem
607 4317 690 4367 etiam
702 4309 893 4382 episcoporum
927 4321 1018 4370 studio
1035 4323 1212 4385 propugnant
1228 4320 1425 4371 auctoritatem
1443 4335 1486 4370 ec—

342 4431 354 4452 »
368 4408 414 4472 qui
427 4421 533 4460 mecum
542 4409 705 4459 suntsacare
716 4409 892 4470 mentionem,
927 4411 1026 4470 clasiae,
1040 4411 1122 4462 etiam
1135 4411 1276 4475 dispersae,
1290 4411 1402 4462 omnino
1416 4413 1485 4462 irre-

343 4519 354 4538 »
368 4511 435 4559 piros
448 4501 563 4559 petiistis
580 4503 610 4546 nt
622 4512 805 4558 conr-orarem,
824 4500 895 4550 sicut
931 4501 1091 4564 iragahilem
1105 4516 1173 4551 erse.
