3170 5134
297 449 353 508 loa
530 459 601 505 mss.
625 461 665 505 ui.
688 460 725 504 nu
746 459 872 505 sumone
893 459 1198 506 runosornouuunon.

346 643 384 726 3.
400 652 440 724 2⁰
457 647 580 722 Antea
592 646 674 746 jam
691 677 729 725 a.
747 644 913 721 ediderat
930 643 1153 746 opusculum
1171 643 1296 744 inquo
1312 669 1457 721 omnes

295 781 457 857 haereses
483 803 568 880 quae
593 778 787 882 hucusque
816 778 1037 856 exstiterant
1066 778 1284 855 summatim
1314 803 1454 855 recen-

295 919 424 993 suerat
442 918 452 1014 (
468 917 491 1014 ).

343 1086 376 1152 b.
395 1073 606 1175 Scripserat
622 1071 761 1148 librum
779 1077 823 1147 cte
842 1071 1017 1148 arrioersz'
1033 1072 1199 1148 essentia
1217 1074 1266 1170 (2).

344 1265 375 1312 c.
396 1231 606 1333 Scripserat
629 1228 915 1307 commentarios
940 1227 979 1302 in
1004 1226 1180 1303 Genesim
1196 1225 1257 1334 uel
1275 1225 1379 1302 aliud
1399 1227 1455 1302 si-

296 1365 385 1443 mile
402 1392 509 1468 opus
525 1366 589 1442 ubi
607 1365 836 1442 disseruerat
852 1365 898 1440 de
912 1362 1133 1452 Palaestina,
1149 1363 1454 1464 detegentibus

295 1528 315 1580 e
333 1501 569 1580 Patriarchis
586 1502 693 1590 ortis,
713 1503 758 1578 de
775 1525 864 1578 arca
883 1501 964 1578 Noc
982 1503 1032 1600 (3).

347 1717 388 1799 4.
404 1725 444 1798 30
466 1719 560 1796 Erat
581 1720 776 1822 episcopus
798 1715 859 1793 vel
881 1721 982 1794 certe
1004 1715 1101 1792 hanc
1125 1716 1348 1816 dignitatem
1373 1715 1452 1791 sibi

296 1853 524 1931 attribuebat
547 1852 695 1954 quando
715 1851 866 1954 scripsit
888 1875 1052 1953 praesens
1076 1875 1182 1952 opus,
1205 1847 1355 1926 Etenim
1373 1849 1453 1927 sibi

295 1990 464 2067 vindicat
482 2014 671 2067 summum
691 1989 955 2077 sacerdotium,
980 1985 1224 2089 apostolicam
1244 1986 1454 2064 successio-

298 2149 397 2215 nem,
422 2125 616 2228 apostolici
640 2126 879 2203 charismatis
904 2124 1242 2227 participationem,
1266 2122 1452 2224 magiste-

298 2260 412 2350 rium,
432 2261 599 2338 ecelesiae
616 2260 837 2350 custodiam,
863 2259 1261 2338 excommunicationis
1279 2259 1453 2336 ferendae

298 2401 518 2499 potestatem
539 2401 590 2498 (4),
614 2424 698 2501 quae
716 2399 843 2476 omnia
866 2402 966 2474 certe
988 2397 1136 2474 nonnisi
1161 2397 1334 2500 episcopo
1356 2423 1451 2475 con-

296 2535 464 2613 veniunt.

349 2735 388 2822 b.
411 2750 450 2819 4⁰
474 2741 608 2821 Romae
638 2735 855 2820 morabatur
883 2741 1095 2844 Zephyrino
1125 2745 1162 2817 et
1192 2740 1326 2817 deinde
1357 2739 1451 2818 Cal-

296 2874 384 2954 listo
404 2877 442 2956 S.
460 2878 506 2954 P.
527 2883 564 2955 et
582 2877 669 2955 huic
687 2878 800 2956 etiam
818 2883 1006 2981 superstes
1024 2878 1097 2955 fuit
1116 2881 1166 2978 (5).

348 3079 388 3162 6.
404 3086 445 3160 5⁰
462 3084 655 3162 Praeterea
678 3110 723 3162 ex
746 3084 841 3162 libro
864 3108 961 3161 nono
979 3083 1171 3186 colligitur
1194 3108 1280 3162 eum
1298 3085 1449 3184 tempo-

298 3219 402 3297 ribus
427 3221 562 3318 horum
586 3224 814 3302 Pontificum
845 3249 918 3300 non
947 3222 1121 3299 infimum
1150 3221 1276 3299 locum
1307 3221 1451 3299 Roma

296 3353 459 3432 tenuisse
482 3357 521 3432 in
540 3357 651 3436 clerc.
674 3359 788 3437 Secus
807 3358 905 3436 enim
930 3359 1115 3460 quomodo
1135 3359 1310 3436 resistere
1326 3383 1450 3436 ausus

296 3707 449 3773 Theophila
466 3711 635 3774 &Antioche
656 3714 729 3764 saint
748 3713 849 3780 cyrille
883 3715 1221 3768 moroeauxaTbtodorot
1229 3717 1256 3768 et
1268 3716 1367 3768 assint
1377 3715 1451 3781 Hip-

298 3797 497 3853 d’Alexandrie.
527 3801 603 3852 Dans
625 3803 792 3864 Tertullien,
816 3818 852 3856 on
886 3804 986 3871 poiyte.
1001 3829 1013 3849 n

296 3896 443 3948 rencontre
455 3897 489 3949 de
497 3897 577 3964 longs
587 3899 737 3965 fragments
747 3900 804 3966 pris
817 3913 851 3951 au
919 3905 949 3964 (rt
960 3901 1036 3953 Pau.
1047 3902 1070 3954 1.
1081 3915 1197 3967 procem.
1208 3901 1342 3967 (append.
1350 3915 1376 3966 p.
1388 3897 1446 3960 lb).

296 3990 415 4055 premier
426 3991 495 4045 livre
506 3993 540 4046 de
552 3994 625 4046 saint
641 3995 737 4046 lreuee
755 3998 851 4049 contre
916 3999 945 4059 (r)
966 3995 1042 4050 Phil.
1067 3999 1100 4050 X.
1126 4001 1158 4050 32
1178 3999 1313 4065 (Append.
1333 4013 1396 4063 pag.
1414 3994 1448 4051 17

240 4104 243 4109 ·
297 4081 337 4132 les
353 4079 551 4135 Valentiniens.
570 4084 646 4136 Dans
663 4085 801 4153 l'ouvrsgo
818 4088 851 4139 do
885 4091 976 4140 extra,

295 4172 368 4222 saint
377 4171 520 4237 Epiphane
529 4177 624 4228 contre
633 4175 674 4228 les
683 4175 850 4242 hei-titiones,
863 4195 864 4198 ¹
917 4178 947 4242 (r)
961 4177 1035 4230 Phil.
1050 4178 1083 4229 X.
1099 4180 1132 4229 30
1145 4179 1201 4240 (cit.
1216 4179 1301 4242 ibina.

295 4267 335 4318 les
348 4268 490 4332 emprunts
506 4271 569 4320 sont
584 4283 685 4323 encore
700 4271 761 4336 plus
773 4285 847 4323 nom·
914 4275 943 4334 b)
965 4273 987 4324 I.
1009 4288 1127 4338 prooem.
1147 4275 1282 4342 (Append.
1301 4290 1365 4340 pag.
1387 4272 1444 4326 lbi.

297 4361 469 4426 breomet...
487 4360 849 4426 ronsaitquel'evequoue
915 4367 945 4428 (s)
980 4363 1037 4415 Csr.
1072 4379 1155 4431 supra
1190 4367 1254 4430 Cap.
1291 4365 1312 4415 Ι.
1353 4363 1387 4414 N.
1432 4367 1442 4414 l

296 4450 849 4518 Lyonaegolomentpretedenombreux
883 4457 957 4520 (pag.
977 4457 1028 4520 92).
