3132 5140
344 501 403 562 iol
577 511 646 559 orss.
669 511 699 556 v.
722 510 757 557 na
778 511 916 559 romeon.
938 512 1018 559 cinca
1040 512 1122 559 sarr.
1147 513 1258 559 neam.

343 668 472 757 midia,
492 664 727 744 Mauritania
746 668 783 742 et
801 665 1036 768 Tripolitana
1053 669 1105 766 (ι),
1125 667 1189 744 ubi
1218 667 1313 744 nihil
1337 666 1465 769 quidem

341 803 482 880 dictum
499 804 555 878 ost
571 801 617 877 de
643 799 822 903 Stephani
841 800 999 904 epistola
1016 805 1053 879 ct
1070 803 1217 879 ratione
1235 801 1379 903 agendi,
1397 825 1465 902 quae

338 943 464 1016 tamen
481 937 571 1014 satis
598 935 792 1038 perspicue
816 935 855 1012 in
874 935 1056 1039 Cypriani
1080 936 1250 1014 oratione
1275 932 1464 1039 prooemiali

338 1069 579 1172 sugillantur,
607 1069 669 1146 sed
695 1068 802 1146 lectae
821 1069 1002 1174 Cypriani
1022 1070 1160 1148 litterae
1181 1071 1229 1147 ad
1251 1072 1275 1148 J
1278 1071 1462 1148 ubaianum

337 1208 374 1283 et
399 1203 567 1282 omnium
597 1204 660 1306 qui
690 1204 847 1282 aderant
876 1205 1135 1308 opiscoporum
1168 1205 1352 1283 sententia
1378 1203 1461 1280 circa

338 1319 583 1440 quaestionem
608 1342 888 1416 controversam
914 1344 1058 1442 rogata.
1089 1341 1164 1428 Qui
1191 1341 1330 1443 singuli
1355 1341 1459 1418 decre-

336 1479 418 1553 tum
431 1477 512 1577 jam
530 1475 570 1552 in
587 1475 731 1552 duabus
756 1475 1050 1578 praecedentibus
1077 1477 1230 1580 synodis
1248 1475 1459 1580 propositum

335 1613 446 1690 tertio
464 1613 734 1690 confirmarunt
751 1615 789 1710 (a)
1372 1617 1376 1626 ’

385 1787 425 1870 6.
452 1790 552 1878 Quid
583 1794 709 1866 autem
739 1793 869 1892 postea
897 1793 1025 1868 actum
1050 1789 1119 1880 sits
1144 1815 1300 1892 prorsus
1328 1791 1455 1891 ignora·

332 1949 428 2001 mus,
451 1924 505 2002 Ut
529 1922 827 2026 probabilissime
844 1923 1027 2024 conjicere
1044 1922 1145 2012 licet,
1164 1923 1308 2025 quievit
1328 1925 1454 2000 contro·

329 2059 467 2150 versia,
504 2064 634 2137 exorta
667 2084 754 2136 mox
788 2060 1043 2160 persecutione
1077 2060 1290 2150 Valeriani,
1326 2060 1363 2136 in
1392 2080 1455 2159 qua

331 2193 543 2296 Stephanus
567 2192 627 2269 die
647 2198 672 2270 2
692 2192 856 2294 Augusti
879 2217 941 2270 an.
966 2197 1039 2270 257
1062 2196 1099 2293 (a)
1118 2197 1155 2270 et
1180 2193 1389 2296 Cyprianus
1405 2191 1455 2268 die

300 2323 309 2350 '
333 2337 377 2410 14
395 2328 623 2432 Septembris
649 2353 710 2406 an.
731 2333 803 2405 258
828 2328 991 2429 glorioso
1017 2329 1200 2431 martyrio
1222 2329 1321 2406 diem
1341 2353 1454 2432 supro

326 2492 431 2544 mum
448 2465 631 2542 obierunt.
650 2463 884 2567 Cyprianum
902 2469 988 2542 ante
1000 2467 1159 2542 mortem
1176 2489 1340 2542 errorem
1357 2487 1456 2540 suum

327 2606 549 2680 retractasse
572 2605 623 2701 (a),
648 2601 768 2703 magis
797 2601 856 2704 pie
880 2626 993 2703 quam
1017 2600 1260 2703 probabiliter
1286 2622 1456 2696 asserere-

324 2745 399 2820 tur.
433 2738 578 2816 Parum
607 2737 772 2838 profecto
802 2738 877 2813 huc
905 2738 1018 2840 juvat
1047 2735 1182 2814 afferre
1212 2735 1457 2814 testimonium

322 2870 539 2973 Augustini,
555 2871 619 2972 qui
637 2870 681 2947 de
699 2896 741 2948 eo
760 2873 797 2970 (5)
816 2903 822 2946 :
844 2907 859 2938 a
882 2869 1099 2950 Correxisse
1116 2874 1244 2948 autem
1258 2873 1336 2971 (ait)
1353 2872 1456 2949 istam

210 3063 212 3066 -
324 3047 340 3076 n
362 3008 585 3086 sententiam
609 3033 681 3086 non
700 3009 908 3098 invenitur;
928 3015 1002 3085 nod
1022 3008 1311 3109 incongruenter
1336 3015 1452 3088 tamen

323 3181 339 3214 a
361 3144 406 3224 de
438 3143 506 3224 tali
536 3142 618 3220 viro
652 3141 942 3220 existimandum
976 3142 1159 3244 estquod
1195 3144 1395 3222 correxerit
1421 3143 1457 3216 et

350 3349 379 3410 (ι)
393 3343 467 3399 Inter'
478 3347 622 3412 episcopos
634 3345 796 3408 scilicaiqui
809 3359 871 3398 sen·
905 3346 960 3397 lam
970 3348 1034 3398 aute
1043 3348 1165 3399 exortam
1176 3347 1389 3399 controversiam
1397 3359 1455 3396 cnm

318 3442 432 3493 lentiam
444 3455 522 3491 suam
534 3441 562 3490 in
575 3453 607 3491 eo
620 3439 739 3490 concilio
752 3439 872 3504 protulo·
909 3439 1048 3504 Stephano
1067 3439 1200 3503 scriptam
1216 3451 1278 3490 esse
1294 3437 1456 3504 probabilius

318 3533 392 3592 runi,
422 3529 532 3592 quidem
561 3530 698 3580 habentur
725 3529 873 3593 provinciae
907 3525 1456 3592 est‚quumnullamlrujuscontroversiae

317 3617 506 3683 Tripolitanae.
908 3621 935 3670 et
946 3618 1128 3683 epistolarum
1144 3631 1213 3682 quas
1228 3633 1314 3682 supra
1326 3629 1454 3668 memora-
1549 3693 1550 3696 Ἰ

349 3717 377 3777 (at
395 3715 519 3779 Append.
534 3727 597 3780 pag.
611 3710 644 3766 78
656 3727 713 3777 sqq.
731 3743 762 3752 -
780 3714 871 3767 Habe·
906 3715 995 3765 vimus
1008 3715 1176 3766 mentionem
1188 3716 1297 3766 hebeat.

316 3819 387 3866 mus,
406 3805 507 3869 praeter
527 3803 691 3855 documenta
707 3804 800 3864 citata,
819 3804 868 3869 Cy·
936 3803 965 3866 (al
978 3804 1032 3855 Cir.
1046 3804 1120 3854 inira
1131 3804 1203 3855 Diss.
1217 3803 1280 3866 Vll,
1294 3805 1341 3855 ubi
1353 3805 1385 3855 de
1399 3803 1454 3854 Sic-

315 3895 404 3960 priani
416 3893 562 3959 epistolam
574 3895 608 3944 ad
625 3894 757 3960 Magnum
769 3894 868 3959 (Epist.
903 3896 988 3959 phani
1002 3894 1169 3946 Pontificatu
1182 3895 1285 3960 agitur.

314 3988 355 4038 76.
373 3987 406 4038 P.
426 3985 458 4036 L.
476 3987 494 4037 t.
513 3985 562 4036 lll.
583 4001 609 4050 p.
638 3988 709 4037 1137.
735 4015 766 4022 —
789 3987 871 4037 Hunc
937 3991 966 4049 (a)
989 3986 1067 4046 Quod
1087 3987 1204 4051 probare
1222 3987 1320 4038 nititur
1339 3987 1453 4038 Scasus-
1548 4023 1549 4026 ,

314 4077 446 4142 Magnum
469 4075 569 4126 laicum
596 4076 681 4128 sarissa
705 4075 868 4127 volsellam
903 4089 954 4127 aus
979 4073 1164 4128 Commentar.
1183 4089 1270 4138 praec.
1296 4077 1330 4125 da
1353 4073 1378 4126 S.
1404 4070 1452 4132 Cp·
1548 4069 1549 4074 ’

313 4185 367 4223 non
391 4171 560 4236 episcopum.
580 4173 662 4236 vulgo
683 4171 816 4236 colligunt
832 4183 866 4224 ax
897 4175 1000 4234 priano
1020 4173 1038 4234 ἓ
1058 4171 1146 4222 XLIV
1167 4170 1235 4230 (Aci.
1257 4167 1304 4221 SS.
1326 4171 1390 4221 tom.
1409 4163 1450 4216 IV.

312 4277 345 4316 ao
357 4263 429 4326 quod
441 4263 469 4312 in
481 4263 606 4327 epistolae
623 4262 806 4328 inscriptione
819 4261 867 4327 Cy·
902 4263 1040 4327 Septemb.
1055 4277 1081 4325 p.
1096 4261 1221 4324 ala-314).

311 4355 425 4420 prianus
445 4369 506 4406 aum
521 4357 612 4417 filiam
629 4355 717 4414 vocat,
734 4358 864 4416 nonstra-
931 4355 960 4420 (a)
973 4355 1061 4419 Epist.
1073 4356 1105 4406 93
1116 4354 1221 4417 (al.l8t.
1235 4351 1449 4405 AdVinceniium
1547 4341 1548 4354 ¹

310 4451 389 4504 trem)
401 4445 447 4496 ubi
460 4445 597 4509 baptisma
608 4445 795 4496 allevationis
807 4446 863 4496 col·
897 4445 1071 4511 Rogatistem
1089 4459 1117 4496 n.
1130 4446 1162 4496 38
1179 4444 1221 4507 (Ρ.
1235 4444 1265 4495 L.
1286 4445 1305 4496 t.
1324 4435 1447 4496 xxxiii.

309 4533 397 4592 latum
414 4533 561 4586 invalidum
579 4534 749 4600 pronuntiat.
764 4535 817 4589 Sed
833 4535 867 4586 il·
902 4549 928 4602 p.
943 4535 1010 4598 340).
