<?xml version="1.0" encoding="UTF-8"?>
<!DOCTYPE html PUBLIC "-//W3C//DTD XHTML 1.0 Transitional//EN"
    "http://www.w3.org/TR/xhtml1/DTD/xhtml1-transitional.dtd">
<html xmlns="http://www.w3.org/1999/xhtml" xml:lang="en" lang="en">
 <head>
  <title>
</title>
<meta http-equiv="Content-Type" content="text/html;charset=utf-8" />
  <meta name='ocr-system' content='tesseract 3.04.00' />
  <meta name='ocr-capabilities' content='ocr_page ocr_carea ocr_par ocr_line ocrx_word'/>
</head>
<body>
  <div class='ocr_page' id='page_1' title='image "./dissertationess00smedgoog_0174.png"; bbox 0 0 3170 5134; ppageno 0'>
   <div class='ocr_carea' id='block_1_1' title="bbox 469 467 1236 532">
    <p class='ocr_par' dir='ltr' id='par_1_1' title="bbox 469 467 1236 532">
     <span class='ocr_line' id='line_1_1' title="bbox 469 467 1236 532; baseline 0.01 -9"><span class='ocrx_word' id='word_1_1' title='bbox 469 477 531 524; x_wconf 78' lang='lat' dir='ltr'>ma</span> <span class='ocrx_word' id='word_1_2' title='bbox 555 481 592 525; x_wconf 82' lang='lat' dir='ltr'>rr.</span> <span class='ocrx_word' id='word_1_3' title='bbox 617 481 653 530; x_wconf 75' lang='lat' dir='ltr'>an</span> <span class='ocrx_word' id='word_1_4' title='bbox 674 477 855 528; x_wconf 81' lang='lat' dir='ltr'>nrrronrrus.</span> <span class='ocrx_word' id='word_1_5' title='bbox 1177 467 1236 532; x_wconf 73' lang='grc'>159</span> 
     </span>
    </p>
   </div>
   <div class='ocr_carea' id='block_1_2' title="bbox 90 625 1235 1431">
    <p class='ocr_par' dir='ltr' id='par_1_2' title="bbox 90 625 1235 1431">
     <span class='ocr_line' id='line_1_2' title="bbox 142 625 1235 753; baseline 0.008 -34"><span class='ocrx_word' id='word_1_6' title='bbox 142 639 194 719; x_wconf 89' lang='lat' dir='ltr'>R.</span> <span class='ocrx_word' id='word_1_7' title='bbox 216 673 253 722; x_wconf 83' lang='lat' dir='ltr'>a.</span> <span class='ocrx_word' id='word_1_8' title='bbox 271 643 356 720; x_wconf 93' lang='lat' dir='ltr'>Non</span> <span class='ocrx_word' id='word_1_9' title='bbox 373 643 497 720; x_wconf 91' lang='lat' dir='ltr'>minus</span> <span class='ocrx_word' id='word_1_10' title='bbox 520 646 661 723; x_wconf 91' lang='lat' dir='ltr'>mirum</span> <span class='ocrx_word' id='word_1_11' title='bbox 681 652 738 725; x_wconf 90' lang='lat' dir='ltr'>est</span> <span class='ocrx_word' id='word_1_12' title='bbox 763 647 802 723; x_wconf 92' lang='lat' dir='ltr'>in</span> <span class='ocrx_word' id='word_1_13' title='bbox 826 625 1125 726; x_wconf 68' lang='lat' dir='ltr'>contentionibus</span> <span class='ocrx_word' id='word_1_14' title='bbox 1145 675 1235 753; x_wconf 86' lang='lat' dir='ltr'>-quae</span> 
     </span>
     <span class='ocr_line' id='line_1_3' title="bbox 94 777 1233 862; baseline 0.011 -12"><span class='ocrx_word' id='word_1_15' title='bbox 94 779 289 854; x_wconf 89' lang='lat' dir='ltr'>occasione</span> <span class='ocrx_word' id='word_1_16' title='bbox 305 777 517 856; x_wconf 82' lang='lat' dir='ltr'><strong>schismatis</strong></span> <span class='ocrx_word' id='word_1_17' title='bbox 544 781 580 858; x_wconf 94' lang='lat' dir='ltr'>N</span> <span class='ocrx_word' id='word_1_18' title='bbox 583 782 749 859; x_wconf 85' lang='lat' dir='ltr'>ovatiani</span> <span class='ocrx_word' id='word_1_19' title='bbox 773 781 897 860; x_wconf 91' lang='lat' dir='ltr'>locum</span> <span class='ocrx_word' id='word_1_20' title='bbox 916 781 1128 862; x_wconf 90' lang='lat' dir='ltr'>habuerunt</span> <span class='ocrx_word' id='word_1_21' title='bbox 1147 812 1233 862; x_wconf 93' lang='lat' dir='ltr'>nus·</span> 
     </span>
     <span class='ocr_line' id='line_1_4' title="bbox 94 917 1234 1020; baseline 0.01 -34"><span class='ocrx_word' id='word_1_22' title='bbox 94 935 207 1011; x_wconf 92' lang='lat' dir='ltr'>quam</span> <span class='ocrx_word' id='word_1_23' title='bbox 230 919 561 1000; x_wconf 89' lang='lat' dir='ltr'>commemoratum</span> <span class='ocrx_word' id='word_1_24' title='bbox 580 918 735 1020; x_wconf 88' lang='lat' dir='ltr'>reperiri</span> <span class='ocrx_word' id='word_1_25' title='bbox 760 917 924 995; x_wconf 80' lang='lat' dir='ltr'><strong>schisma</strong></span> <span class='ocrx_word' id='word_1_26' title='bbox 945 919 1044 994; x_wconf 90' lang='lat' dir='ltr'>istud</span> <span class='ocrx_word' id='word_1_27' title='bbox 1063 923 1131 998; x_wconf 91' lang='lat' dir='ltr'>sub</span> <span class='ocrx_word' id='word_1_28' title='bbox 1150 921 1234 1000; x_wconf 83' lang='lat' dir='ltr'>Cal-</span> 
     </span>
     <span class='ocr_line' id='line_1_5' title="bbox 92 1043 1234 1157; baseline 0.011 -37"><span class='ocrx_word' id='word_1_29' title='bbox 92 1043 178 1122; x_wconf 90' lang='lat' dir='ltr'>listo</span> <span class='ocrx_word' id='word_1_30' title='bbox 197 1052 379 1124; x_wconf 85' lang='lat' dir='ltr'>exortum.</span> <span class='ocrx_word' id='word_1_31' title='bbox 401 1048 451 1126; x_wconf 83' lang='lat' dir='ltr'>Et</span> <span class='ocrx_word' id='word_1_32' title='bbox 466 1051 593 1128; x_wconf 90' lang='lat' dir='ltr'>omnia</span> <span class='ocrx_word' id='word_1_33' title='bbox 610 1050 847 1155; x_wconf 79' lang='lat' dir='ltr'>explicantur</span> <span class='ocrx_word' id='word_1_34' title='bbox 864 1053 895 1130; x_wconf 91' lang='lat' dir='ltr'>si</span> <span class='ocrx_word' id='word_1_35' title='bbox 914 1059 1147 1157; x_wconf 77' lang='lat' dir='ltr'>supponatur</span> <span class='ocrx_word' id='word_1_36' title='bbox 1164 1051 1234 1134; x_wconf 88' lang='lat' dir='ltr'>hoc</span> 
     </span>
     <span class='ocr_line' id='line_1_6' title="bbox 92 1181 1232 1287; baseline 0.011 -29"><span class='ocrx_word' id='word_1_37' title='bbox 92 1181 256 1261; x_wconf 81' lang='lat' dir='ltr'><strong>schisma</strong></span> <span class='ocrx_word' id='word_1_38' title='bbox 271 1209 409 1287; x_wconf 90' lang='lat' dir='ltr'>paucos</span> <span class='ocrx_word' id='word_1_39' title='bbox 427 1190 630 1265; x_wconf 84' lang='lat' dir='ltr'>sectatores</span> <span class='ocrx_word' id='word_1_40' title='bbox 647 1188 823 1266; x_wconf 89' lang='lat' dir='ltr'>habuisse</span> <span class='ocrx_word' id='word_1_41' title='bbox 841 1194 877 1267; x_wconf 90' lang='lat' dir='ltr'>et</span> <span class='ocrx_word' id='word_1_42' title='bbox 902 1191 989 1266; x_wconf 89' lang='lat' dir='ltr'>inde</span> <span class='ocrx_word' id='word_1_43' title='bbox 1008 1191 1124 1269; x_wconf 85' lang='lat' dir='ltr'>fuisse</span> <span class='ocrx_word' id='word_1_44' title='bbox 1141 1195 1232 1272; x_wconf 88' lang='lat' dir='ltr'>satis</span> 
     </span>
     <span class='ocr_line' id='line_1_7' title="bbox 90 1317 1232 1431; baseline 0.013 -39"><span class='ocrx_word' id='word_1_45' title='bbox 90 1317 289 1394; x_wconf 89' lang='lat' dir='ltr'>obscurum</span> <span class='ocrx_word' id='word_1_46' title='bbox 318 1323 355 1396; x_wconf 90' lang='lat' dir='ltr'>et</span> <span class='ocrx_word' id='word_1_47' title='bbox 379 1321 621 1421; x_wconf 75' lang='lat' dir='ltr'>probabiliter</span> <span class='ocrx_word' id='word_1_48' title='bbox 646 1323 692 1401; x_wconf 93' lang='lat' dir='ltr'>ad</span> <span class='ocrx_word' id='word_1_49' title='bbox 718 1321 885 1426; x_wconf 91' lang='lat' dir='ltr'>aliquam</span> <span class='ocrx_word' id='word_1_50' title='bbox 911 1324 1105 1403; x_wconf 88' lang='lat' dir='ltr'>ecclesiam</span> <span class='ocrx_word' id='word_1_51' title='bbox 1131 1355 1232 1431; x_wconf 91' lang='lat' dir='ltr'>pres·</span> 
     </span>
    </p>
   </div>
   <div class='ocr_carea' id='block_1_3' title="bbox 89 1453 1231 1686">
    <p class='ocr_par' dir='ltr' id='par_1_3' title="bbox 89 1453 1231 1686">
     <span class='ocr_line' id='line_1_8' title="bbox 89 1453 1231 1562; baseline 0.012 -34"><span class='ocrx_word' id='word_1_52' title='bbox 89 1453 294 1553; x_wconf 75' lang='lat' dir='ltr'>hyteralem</span> <span class='ocrx_word' id='word_1_53' title='bbox 323 1459 400 1551; x_wconf 82' lang='lat' dir='ltr'>(seu</span> <span class='ocrx_word' id='word_1_54' title='bbox 425 1458 486 1534; x_wconf 90' lang='lat' dir='ltr'>cui</span> <span class='ocrx_word' id='word_1_55' title='bbox 516 1461 710 1561; x_wconf 85' lang='lat' dir='ltr'>presbyter</span> <span class='ocrx_word' id='word_1_56' title='bbox 739 1461 937 1562; x_wconf 83' lang='lat' dir='ltr'>praefectus</span> <span class='ocrx_word' id='word_1_57' title='bbox 967 1467 1073 1562; x_wconf 88' lang='lat' dir='ltr'>esset)</span> <span class='ocrx_word' id='word_1_58' title='bbox 1105 1467 1231 1542; x_wconf 90' lang='lat' dir='ltr'>restri-</span> 
     </span>
     <span class='ocr_line' id='line_1_9' title="bbox 89 1589 271 1686; baseline 0.011 -23"><span class='ocrx_word' id='word_1_59' title='bbox 89 1589 191 1664; x_wconf 91' lang='lat' dir='ltr'>ctum</span> <span class='ocrx_word' id='word_1_60' title='bbox 218 1593 271 1686; x_wconf 86' lang='lat'>(1).</span> 
     </span>
    </p>
   </div>
   <div class='ocr_carea' id='block_1_4' title="bbox 86 1747 1232 2504">
    <p class='ocr_par' dir='ltr' id='par_1_4' title="bbox 86 1747 1232 2504">
     <span class='ocr_line' id='line_1_10' title="bbox 133 1747 1232 1855; baseline 0.012 -32"><span class='ocrx_word' id='word_1_61' title='bbox 133 1760 169 1826; x_wconf 80' lang='lat' dir='ltr'>o.</span> <span class='ocrx_word' id='word_1_62' title='bbox 197 1747 326 1850; x_wconf 86' lang='lat' dir='ltr'>Neque</span> <span class='ocrx_word' id='word_1_63' title='bbox 347 1749 439 1826; x_wconf 90' lang='lat' dir='ltr'>adeo</span> <span class='ocrx_word' id='word_1_64' title='bbox 464 1750 604 1827; x_wconf 91' lang='lat' dir='ltr'>mirum</span> <span class='ocrx_word' id='word_1_65' title='bbox 628 1755 685 1828; x_wconf 84' lang='lat' dir='ltr'>est</span> <span class='ocrx_word' id='word_1_66' title='bbox 711 1751 944 1855; x_wconf 85' lang='lat' dir='ltr'>Cyprianum</span> <span class='ocrx_word' id='word_1_67' title='bbox 971 1755 1164 1855; x_wconf 84' lang='lat' dir='ltr'>ignorasse</span> <span class='ocrx_word' id='word_1_68' title='bbox 1187 1783 1232 1836; x_wconf 89' lang='lat' dir='ltr'>ea</span> 
     </span>
     <span class='ocr_line' id='line_1_11' title="bbox 88 1883 1230 1989; baseline 0.01 -32"><span class='ocrx_word' id='word_1_69' title='bbox 88 1906 172 1982; x_wconf 88' lang='lat' dir='ltr'>quae</span> <span class='ocrx_word' id='word_1_70' title='bbox 190 1887 277 1960; x_wconf 88' lang='lat' dir='ltr'>ante</span> <span class='ocrx_word' id='word_1_71' title='bbox 294 1883 480 1960; x_wconf 88' lang='lat' dir='ltr'>sexdecim</span> <span class='ocrx_word' id='word_1_72' title='bbox 498 1885 569 1983; x_wconf 82' lang='lat' dir='ltr'>(vel</span> <span class='ocrx_word' id='word_1_73' title='bbox 594 1884 769 1989; x_wconf 87' lang='lat' dir='ltr'>amplius)</span> <span class='ocrx_word' id='word_1_74' title='bbox 787 1911 903 1964; x_wconf 91' lang='lat' dir='ltr'>annos</span> <span class='ocrx_word' id='word_1_75' title='bbox 923 1887 962 1964; x_wconf 92' lang='lat' dir='ltr'>in</span> <span class='ocrx_word' id='word_1_76' title='bbox 980 1887 1135 1966; x_wconf 89' lang='lat' dir='ltr'>ecclesia</span> <span class='ocrx_word' id='word_1_77' title='bbox 1153 1890 1230 1970; x_wconf 86' lang='lat' dir='ltr'>Ro-</span> 
     </span>
     <span class='ocr_line' id='line_1_12' title="bbox 87 2023 1230 2125; baseline 0.009 -33"><span class='ocrx_word' id='word_1_78' title='bbox 87 2041 201 2096; x_wconf 90' lang='lat' dir='ltr'>mana</span> <span class='ocrx_word' id='word_1_79' title='bbox 222 2023 305 2097; x_wconf 90' lang='lat' dir='ltr'>acta</span> <span class='ocrx_word' id='word_1_80' title='bbox 328 2024 465 2109; x_wconf 87' lang='lat' dir='ltr'>essent,</span> <span class='ocrx_word' id='word_1_81' title='bbox 490 2045 564 2098; x_wconf 94' lang='lat' dir='ltr'>non</span> <span class='ocrx_word' id='word_1_82' title='bbox 588 2025 714 2099; x_wconf 90' lang='lat' dir='ltr'>autem</span> <span class='ocrx_word' id='word_1_83' title='bbox 736 2046 781 2098; x_wconf 90' lang='lat' dir='ltr'>ea</span> <span class='ocrx_word' id='word_1_84' title='bbox 804 2046 897 2123; x_wconf 89' lang='lat' dir='ltr'>quae·</span> <span class='ocrx_word' id='word_1_85' title='bbox 912 2025 1078 2125; x_wconf 88' lang='lat' dir='ltr'>tempore</span> <span class='ocrx_word' id='word_1_86' title='bbox 1104 2025 1139 2100; x_wconf 93' lang='lat' dir='ltr'>N</span> <span class='ocrx_word' id='word_1_87' title='bbox 1142 2049 1230 2102; x_wconf 92' lang='lat' dir='ltr'>ova-</span> 
     </span>
     <span class='ocr_line' id='line_1_13' title="bbox 86 2152 1229 2255; baseline 0.007 -28"><span class='ocrx_word' id='word_1_88' title='bbox 86 2152 178 2228; x_wconf 87' lang='lat' dir='ltr'>tiani</span> <span class='ocrx_word' id='word_1_89' title='bbox 206 2159 420 2255; x_wconf 87' lang='lat' dir='ltr'>agerentur,</span> <span class='ocrx_word' id='word_1_90' title='bbox 448 2180 534 2232; x_wconf 90' lang='lat' dir='ltr'>cum</span> <span class='ocrx_word' id='word_1_91' title='bbox 555 2156 601 2233; x_wconf 92' lang='lat' dir='ltr'>de</span> <span class='ocrx_word' id='word_1_92' title='bbox 631 2155 691 2233; x_wconf 92' lang='lat' dir='ltr'>his</span> <span class='ocrx_word' id='word_1_93' title='bbox 713 2157 849 2234; x_wconf 84' lang='lat' dir='ltr'>certior</span> <span class='ocrx_word' id='word_1_94' title='bbox 874 2157 980 2234; x_wconf 87' lang='lat' dir='ltr'>fieret</span> <span class='ocrx_word' id='word_1_95' title='bbox 1004 2181 1027 2234; x_wconf 92' lang='lat' dir='ltr'>a</span> <span class='ocrx_word' id='word_1_96' title='bbox 1052 2159 1091 2236; x_wconf 88' lang='lat' dir='ltr'>S.</span> <span class='ocrx_word' id='word_1_97' title='bbox 1118 2160 1164 2235; x_wconf 91' lang='lat' dir='ltr'>P.</span> <span class='ocrx_word' id='word_1_98' title='bbox 1192 2164 1229 2235; x_wconf 86' lang='lat' dir='ltr'>et</span> 
     </span>
     <span class='ocr_line' id='line_1_14' title="bbox 86 2287 1229 2392; baseline 0.003 -29"><span class='ocrx_word' id='word_1_99' title='bbox 86 2287 184 2366; x_wconf 86' lang='lat' dir='ltr'>clero</span> <span class='ocrx_word' id='word_1_100' title='bbox 211 2289 398 2379; x_wconf 87' lang='lat' dir='ltr'>Romano,</span> <span class='ocrx_word' id='word_1_101' title='bbox 417 2289 640 2391; x_wconf 91' lang='lat' dir='ltr'>quibuscum</span> <span class='ocrx_word' id='word_1_102' title='bbox 666 2315 709 2367; x_wconf 91' lang='lat' dir='ltr'>eo</span> <span class='ocrx_word' id='word_1_103' title='bbox 726 2295 893 2392; x_wconf 89' lang='lat' dir='ltr'>tempore</span> <span class='ocrx_word' id='word_1_104' title='bbox 912 2290 1085 2392; x_wconf 84' lang='lat' dir='ltr'>frequens</span> <span class='ocrx_word' id='word_1_105' title='bbox 1103 2291 1136 2365; x_wconf 91' lang='lat' dir='ltr'>ei</span> <span class='ocrx_word' id='word_1_106' title='bbox 1155 2291 1229 2392; x_wconf 92' lang='lat' dir='ltr'>epi-</span> 
     </span>
     <span class='ocr_line' id='line_1_15' title="bbox 86 2425 786 2504; baseline 0.006 -6"><span class='ocrx_word' id='word_1_107' title='bbox 86 2425 265 2503; x_wconf 90' lang='lat' dir='ltr'>stolarum</span> <span class='ocrx_word' id='word_1_108' title='bbox 282 2426 547 2504; x_wconf 87' lang='lat' dir='ltr'>commercium</span> <span class='ocrx_word' id='word_1_109' title='bbox 565 2427 786 2504; x_wconf 85' lang='lat' dir='ltr'>intercessit.</span> 
     </span>
    </p>
   </div>
   <div class='ocr_carea' id='block_1_5' title="bbox 80 2582 1227 3533">
    <p class='ocr_par' dir='ltr' id='par_1_5' title="bbox 82 2582 1227 3092">
     <span class='ocr_line' id='line_1_16' title="bbox 129 2582 1227 2688; baseline -0.005 -23"><span class='ocrx_word' id='word_1_110' title='bbox 129 2617 162 2665; x_wconf 84' lang='lat' dir='ltr'>c.</span> <span class='ocrx_word' id='word_1_111' title='bbox 197 2585 389 2662; x_wconf 85' lang='lat' dir='ltr'>Praeterea</span> <span class='ocrx_word' id='word_1_112' title='bbox 417 2585 582 2685; x_wconf 89' lang='lat' dir='ltr'>gratuito</span> <span class='ocrx_word' id='word_1_113' title='bbox 612 2582 837 2688; x_wconf 85' lang='lat' dir='ltr'>supponitur</span> <span class='ocrx_word' id='word_1_114' title='bbox 873 2582 1123 2687; x_wconf 88' lang='lat' dir='ltr'>Hippolytum</span> <span class='ocrx_word' id='word_1_115' title='bbox 1157 2608 1227 2660; x_wconf 91' lang='lat' dir='ltr'>sua</span> 
     </span>
     <span class='ocr_line' id='line_1_17' title="bbox 85 2720 1226 2824; baseline 0.001 -28"><span class='ocrx_word' id='word_1_116' title='bbox 85 2725 192 2809; x_wconf 83' lang='lat' dir='ltr'>aetate</span> <span class='ocrx_word' id='word_1_117' title='bbox 210 2722 303 2798; x_wconf 90' lang='lat' dir='ltr'>adeo</span> <span class='ocrx_word' id='word_1_118' title='bbox 320 2720 464 2798; x_wconf 89' lang='lat' dir='ltr'>clarum</span> <span class='ocrx_word' id='word_1_119' title='bbox 482 2721 610 2811; x_wconf 86' lang='lat' dir='ltr'>fuisse,</span> <span class='ocrx_word' id='word_1_120' title='bbox 631 2721 803 2822; x_wconf 88' lang='lat' dir='ltr'>quamvis</span> <span class='ocrx_word' id='word_1_121' title='bbox 824 2727 952 2823; x_wconf 90' lang='lat' dir='ltr'>postea</span> <span class='ocrx_word' id='word_1_122' title='bbox 970 2725 1120 2824; x_wconf 89' lang='lat' dir='ltr'>propter</span> <span class='ocrx_word' id='word_1_123' title='bbox 1137 2721 1226 2797; x_wconf 92' lang='lat' dir='ltr'>scri-</span> 
     </span>
     <span class='ocr_line' id='line_1_18' title="bbox 83 2854 1224 2959; baseline -0.003 -25"><span class='ocrx_word' id='word_1_124' title='bbox 83 2861 145 2956; x_wconf 84' lang='lat' dir='ltr'>pta</span> <span class='ocrx_word' id='word_1_125' title='bbox 162 2859 256 2958; x_wconf 87' lang='lat' dir='ltr'>ejus,</span> <span class='ocrx_word' id='word_1_126' title='bbox 277 2881 361 2958; x_wconf 86' lang='lat' dir='ltr'>quae</span> <span class='ocrx_word' id='word_1_127' title='bbox 373 2857 454 2959; x_wconf 92' lang='lat' dir='ltr'>jam</span> <span class='ocrx_word' id='word_1_128' title='bbox 472 2857 552 2933; x_wconf 90' lang='lat' dir='ltr'>sola</span> <span class='ocrx_word' id='word_1_129' title='bbox 569 2861 658 2934; x_wconf 87' lang='lat' dir='ltr'>nota</span> <span class='ocrx_word' id='word_1_130' title='bbox 675 2861 796 2946; x_wconf 88' lang='lat' dir='ltr'>erant,</span> <span class='ocrx_word' id='word_1_131' title='bbox 816 2854 908 2933; x_wconf 89' lang='lat' dir='ltr'>satis</span> <span class='ocrx_word' id='word_1_132' title='bbox 926 2855 1068 2932; x_wconf 88' lang='lat' dir='ltr'>celebre</span> <span class='ocrx_word' id='word_1_133' title='bbox 1091 2880 1224 2932; x_wconf 91' lang='lat' dir='ltr'>nomen</span> 
     </span>
     <span class='ocr_line' id='line_1_19' title="bbox 82 2992 410 3092; baseline 0.012 -28"><span class='ocrx_word' id='word_1_134' title='bbox 82 2993 160 3092; x_wconf 85' lang='lat' dir='ltr'>ejus</span> <span class='ocrx_word' id='word_1_135' title='bbox 177 2992 344 3069; x_wconf 76' lang='lat' dir='ltr'>extiterit</span> <span class='ocrx_word' id='word_1_136' title='bbox 361 2993 410 3090; x_wconf 78' lang='lat' dir='ltr'>(a).</span> 
     </span>
    </p>

    <p class='ocr_par' dir='ltr' id='par_1_6' title="bbox 80 3143 1224 3533">
     <span class='ocr_line' id='line_1_20' title="bbox 125 3143 1224 3248; baseline -0.007 -18"><span class='ocrx_word' id='word_1_137' title='bbox 125 3165 164 3230; x_wconf 78' lang='lat' dir='ltr'>d.</span> <span class='ocrx_word' id='word_1_138' title='bbox 191 3149 299 3238; x_wconf 85' lang='lat' dir='ltr'>Quod</span> <span class='ocrx_word' id='word_1_139' title='bbox 317 3154 443 3226; x_wconf 84' lang='lat' dir='ltr'>autem</span> <span class='ocrx_word' id='word_1_140' title='bbox 460 3147 696 3226; x_wconf 89' lang='lat' dir='ltr'>concluditur</span> <span class='ocrx_word' id='word_1_141' title='bbox 712 3171 759 3224; x_wconf 86' lang='lat' dir='ltr'>ex</span> <span class='ocrx_word' id='word_1_142' title='bbox 778 3146 975 3248; x_wconf 88' lang='lat' dir='ltr'>diligentia</span> <span class='ocrx_word' id='word_1_143' title='bbox 992 3143 1224 3223; x_wconf 82' lang='lat' dir='ltr'>Christiano</span> 
     </span>
     <span class='ocr_line' id='line_1_21' title="bbox 80 3281 1222 3384; baseline 0.003 -29"><span class='ocrx_word' id='word_1_144' title='bbox 80 3307 162 3358; x_wconf 93' lang='lat' dir='ltr'>rum</span> <span class='ocrx_word' id='word_1_145' title='bbox 184 3282 298 3384; x_wconf 88' lang='lat' dir='ltr'>hujus</span> <span class='ocrx_word' id='word_1_146' title='bbox 325 3281 448 3358; x_wconf 88' lang='lat' dir='ltr'>aetatis</span> <span class='ocrx_word' id='word_1_147' title='bbox 474 3282 514 3357; x_wconf 91' lang='lat' dir='ltr'>in</span> <span class='ocrx_word' id='word_1_148' title='bbox 538 3281 758 3383; x_wconf 87' lang='lat' dir='ltr'>colligendis</span> <span class='ocrx_word' id='word_1_149' title='bbox 781 3281 874 3358; x_wconf 92' lang='lat' dir='ltr'>actis</span> <span class='ocrx_word' id='word_1_150' title='bbox 896 3285 1121 3382; x_wconf 89' lang='lat' dir='ltr'>martyrum,</span> <span class='ocrx_word' id='word_1_151' title='bbox 1140 3281 1222 3382; x_wconf 84' lang='lat' dir='ltr'>jam</span> 
     </span>
     <span class='ocr_line' id='line_1_22' title="bbox 80 3415 836 3533; baseline 0.004 -44"><span class='ocrx_word' id='word_1_152' title='bbox 80 3417 213 3533; x_wconf 85' lang='lat' dir='ltr'>saepius</span> <span class='ocrx_word' id='word_1_153' title='bbox 230 3417 278 3493; x_wconf 91' lang='lat' dir='ltr'>ab</span> <span class='ocrx_word' id='word_1_154' title='bbox 302 3415 458 3493; x_wconf 90' lang='lat' dir='ltr'>eruditis</span> <span class='ocrx_word' id='word_1_155' title='bbox 481 3415 686 3494; x_wconf 86' lang='lat' dir='ltr'>refutatum</span> <span class='ocrx_word' id='word_1_156' title='bbox 704 3420 760 3494; x_wconf 88' lang='lat' dir='ltr'>est</span> <span class='ocrx_word' id='word_1_157' title='bbox 785 3419 836 3515; x_wconf 84' lang='lat' dir='ltr'>(a).</span> 
     </span>
    </p>
   </div>
   <div class='ocr_carea' id='block_1_6' title="bbox 79 3573 1219 3950">
    <p class='ocr_par' dir='ltr' id='par_1_7' title="bbox 79 3573 1219 3950">
     <span class='ocr_line' id='line_1_23' title="bbox 123 3573 1219 3676; baseline 0.001 -24"><span class='ocrx_word' id='word_1_158' title='bbox 123 3606 155 3653; x_wconf 84' lang='lat' dir='ltr'>e.</span> <span class='ocrx_word' id='word_1_159' title='bbox 167 3575 222 3652; x_wconf 82' lang='lat' dir='ltr'>Ac</span> <span class='ocrx_word' id='word_1_160' title='bbox 239 3574 398 3676; x_wconf 89' lang='lat' dir='ltr'>denique</span> <span class='ocrx_word' id='word_1_161' title='bbox 411 3574 506 3652; x_wconf 85' lang='lat' dir='ltr'>falso</span> <span class='ocrx_word' id='word_1_162' title='bbox 523 3576 706 3654; x_wconf 89' lang='lat' dir='ltr'>asseritur</span> <span class='ocrx_word' id='word_1_163' title='bbox 718 3577 937 3653; x_wconf 86' lang='lat' dir='ltr'>universam</span> <span class='ocrx_word' id='word_1_164' title='bbox 954 3573 1219 3676; x_wconf 87' lang='lat' dir='ltr'>antiquitatem</span> 
     </span>
     <span class='ocr_line' id='line_1_24' title="bbox 79 3709 1219 3813; baseline 0.006 -31"><span class='ocrx_word' id='word_1_165' title='bbox 79 3709 321 3786; x_wconf 88' lang='lat' dir='ltr'>christianam</span> <span class='ocrx_word' id='word_1_166' title='bbox 350 3709 498 3788; x_wconf 88' lang='lat' dir='ltr'>siluisse</span> <span class='ocrx_word' id='word_1_167' title='bbox 523 3711 569 3788; x_wconf 91' lang='lat' dir='ltr'>de</span> <span class='ocrx_word' id='word_1_168' title='bbox 598 3711 840 3789; x_wconf 91' lang='lat' dir='ltr'>conversione</span> <span class='ocrx_word' id='word_1_169' title='bbox 867 3709 1077 3813; x_wconf 84' lang='lat' dir='ltr'>Hippolyti,</span> <span class='ocrx_word' id='word_1_170' title='bbox 1103 3735 1219 3812; x_wconf 93' lang='lat' dir='ltr'>quum</span> 
     </span>
     <span class='ocr_line' id='line_1_25' title="bbox 79 3843 1074 3950; baseline 0.006 -33"><span class='ocrx_word' id='word_1_171' title='bbox 79 3865 156 3920; x_wconf 87' lang='lat' dir='ltr'>eam</span> <span class='ocrx_word' id='word_1_172' title='bbox 172 3843 397 3922; x_wconf 86' lang='lat' dir='ltr'>celebratam</span> <span class='ocrx_word' id='word_1_173' title='bbox 414 3844 618 3924; x_wconf 89' lang='lat' dir='ltr'>habeamus</span> <span class='ocrx_word' id='word_1_174' title='bbox 635 3847 735 3950; x_wconf 90' lang='lat' dir='ltr'>apud</span> <span class='ocrx_word' id='word_1_175' title='bbox 754 3845 1005 3936; x_wconf 88' lang='lat' dir='ltr'>Prudentium</span> <span class='ocrx_word' id='word_1_176' title='bbox 1024 3849 1074 3944; x_wconf 80' lang='lat' dir='ltr'>(r).</span> 
     </span>
    </p>
   </div>
   <div class='ocr_carea' id='block_1_7' title="bbox 79 4126 1216 4467">
    <p class='ocr_par' dir='ltr' id='par_1_8' title="bbox 107 4126 1216 4193">
     <span class='ocr_line' id='line_1_26' title="bbox 107 4126 1216 4193; baseline 0.002 -16"><span class='ocrx_word' id='word_1_177' title='bbox 107 4128 134 4190; x_wconf 65' lang='grc' dir='ltr'>(ιῖ</span> <span class='ocrx_word' id='word_1_178' title='bbox 146 4126 201 4178; x_wconf 74' lang='lat' dir='ltr'>Gir.</span> <span class='ocrx_word' id='word_1_179' title='bbox 214 4141 299 4193; x_wconf 83' lang='lat' dir='ltr'>supra</span> <span class='ocrx_word' id='word_1_180' title='bbox 310 4127 343 4180; x_wconf 90' lang='lat' dir='ltr'>N.</span> <span class='ocrx_word' id='word_1_181' title='bbox 357 4129 397 4179; x_wconf 85' lang='lat'>53.</span> <span class='ocrx_word' id='word_1_182' title='bbox 658 4129 731 4192; x_wconf 85' lang='lat' dir='ltr'>quod</span> <span class='ocrx_word' id='word_1_183' title='bbox 745 4131 848 4180; x_wconf 83' lang='lat' dir='ltr'>nitatur</span> <span class='ocrx_word' id='word_1_184' title='bbox 860 4128 971 4180; x_wconf 82' lang='lat' dir='ltr'>silentio</span> <span class='ocrx_word' id='word_1_185' title='bbox 985 4127 1216 4179; x_wconf 86' lang='lat' dir='ltr'>documentorum</span> 
     </span>
    </p>

    <p class='ocr_par' dir='ltr' id='par_1_9' title="bbox 108 4215 1216 4282">
     <span class='ocr_line' id='line_1_27' title="bbox 108 4215 1216 4282; baseline 0 -16"><span class='ocrx_word' id='word_1_186' title='bbox 108 4217 135 4278; x_wconf 73' lang='lat' dir='ltr'>(a)</span> <span class='ocrx_word' id='word_1_187' title='bbox 147 4217 204 4269; x_wconf 76' lang='lat' dir='ltr'>Ch.</span> <span class='ocrx_word' id='word_1_188' title='bbox 217 4231 301 4282; x_wconf 83' lang='lat' dir='ltr'>supra</span> <span class='ocrx_word' id='word_1_189' title='bbox 311 4217 345 4268; x_wconf 92' lang='lat' dir='ltr'>N.</span> <span class='ocrx_word' id='word_1_190' title='bbox 358 4219 399 4270; x_wconf 88' lang='grc'>63.</span> <span class='ocrx_word' id='word_1_191' title='bbox 659 4232 719 4281; x_wconf 85' lang='lat' dir='ltr'>quae</span> <span class='ocrx_word' id='word_1_192' title='bbox 735 4233 808 4269; x_wconf 66' lang='lat' dir='ltr'>natare</span> <span class='ocrx_word' id='word_1_193' title='bbox 825 4219 904 4270; x_wconf 82' lang='lat' dir='ltr'>nobie</span> <span class='ocrx_word' id='word_1_194' title='bbox 921 4218 1076 4281; x_wconf 82' lang='lat' dir='ltr'>supersunt.</span> <span class='ocrx_word' id='word_1_195' title='bbox 1095 4217 1150 4267; x_wconf 81' lang='lat' dir='ltr'>cfr.</span> <span class='ocrx_word' id='word_1_196' title='bbox 1170 4215 1216 4267; x_wconf 82' lang='lat' dir='ltr'>In·</span> 
     </span>
    </p>

    <p class='ocr_par' dir='ltr' id='par_1_10' title="bbox 79 4306 1215 4467">
     <span class='ocr_line' id='line_1_28' title="bbox 106 4306 1215 4375; baseline -0.002 -15"><span class='ocrx_word' id='word_1_197' title='bbox 106 4311 135 4374; x_wconf 81' lang='lat' dir='ltr'>(s)</span> <span class='ocrx_word' id='word_1_198' title='bbox 147 4311 191 4361; x_wconf 82' lang='lat' dir='ltr'>lla</span> <span class='ocrx_word' id='word_1_199' title='bbox 206 4309 310 4362; x_wconf 85' lang='lat' dir='ltr'>scilicet</span> <span class='ocrx_word' id='word_1_200' title='bbox 321 4313 352 4362; x_wconf 82' lang='lat' dir='ltr'>ut</span> <span class='ocrx_word' id='word_1_201' title='bbox 363 4322 397 4361; x_wconf 84' lang='lat' dir='ltr'>ex</span> <span class='ocrx_word' id='word_1_202' title='bbox 411 4309 460 4361; x_wconf 90' lang='lat' dir='ltr'>illa</span> <span class='ocrx_word' id='word_1_203' title='bbox 473 4309 627 4375; x_wconf 84' lang='lat' dir='ltr'>diligentia.</span> <span class='ocrx_word' id='word_1_204' title='bbox 662 4313 731 4361; x_wconf 82' lang='lat' dir='ltr'>trod.</span> <span class='ocrx_word' id='word_1_205' title='bbox 747 4323 839 4374; x_wconf 70' lang='lat' dir='ltr'>omer.</span> <span class='ocrx_word' id='word_1_206' title='bbox 857 4309 951 4360; x_wconf 79' lang='lat' dir='ltr'>Tract.</span> <span class='ocrx_word' id='word_1_207' title='bbox 969 4306 1019 4358; x_wconf 91' lang='lat'><em>111.</em></span> <span class='ocrx_word' id='word_1_208' title='bbox 1040 4307 1105 4372; x_wconf 84' lang='lat' dir='ltr'>Gap.</span> <span class='ocrx_word' id='word_1_209' title='bbox 1125 4307 1160 4358; x_wconf 88' lang='lat'>11.</span> <span class='ocrx_word' id='word_1_210' title='bbox 1181 4307 1215 4358; x_wconf 90' lang='lat' dir='ltr'>N.</span> 
     </span>
     <span class='ocr_line' id='line_1_29' title="bbox 79 4399 937 4467; baseline 0 -18"><span class='ocrx_word' id='word_1_211' title='bbox 79 4400 108 4449; x_wconf 81' lang='lat' dir='ltr'>oh</span> <span class='ocrx_word' id='word_1_212' title='bbox 127 4401 256 4451; x_wconf 81' lang='lat' dir='ltr'>omnibus</span> <span class='ocrx_word' id='word_1_213' title='bbox 276 4401 404 4462; x_wconf 79' lang='lat' dir='ltr'>admisse,</span> <span class='ocrx_word' id='word_1_214' title='bbox 426 4400 545 4464; x_wconf 84' lang='lat' dir='ltr'>nequeat</span> <span class='ocrx_word' id='word_1_215' title='bbox 565 4399 628 4451; x_wconf 82' lang='lat' dir='ltr'>vali·</span> <span class='ocrx_word' id='word_1_216' title='bbox 661 4399 795 4467; x_wconf 62' lang='lat' dir='ltr'>nemag.</span> <span class='ocrx_word' id='word_1_217' title='bbox 811 4399 937 4463; x_wconf 73' lang='lat' dir='ltr'>lle-116).</span> 
     </span>
    </p>
   </div>
   <div class='ocr_carea' id='block_1_8' title="bbox 80 4485 1215 4564">
    <p class='ocr_par' dir='ltr' id='par_1_11' title="bbox 80 4485 1215 4564">
     <span class='ocr_line' id='line_1_30' title="bbox 80 4485 1215 4564; baseline -0.01 -17"><span class='ocrx_word' id='word_1_218' title='bbox 80 4499 140 4548; x_wconf 90' lang='lat' dir='ltr'>dom</span> <span class='ocrx_word' id='word_1_219' title='bbox 151 4499 260 4561; x_wconf 85' lang='lat' dir='ltr'>probari</span> <span class='ocrx_word' id='word_1_220' title='bbox 270 4501 464 4564; x_wconf 85' lang='lat' dir='ltr'>argumentum</span> <span class='ocrx_word' id='word_1_221' title='bbox 473 4495 628 4562; x_wconf 81' lang='lat' dir='ltr'>negativum</span> <span class='ocrx_word' id='word_1_222' title='bbox 694 4495 724 4559; x_wconf 80' lang='lat' dir='ltr'>(r)</span> <span class='ocrx_word' id='word_1_223' title='bbox 735 4494 808 4545; x_wconf 80' lang='lat' dir='ltr'>rest.</span> <span class='ocrx_word' id='word_1_224' title='bbox 823 4493 878 4545; x_wconf 84' lang='lat' dir='ltr'>VI.</span> <span class='ocrx_word' id='word_1_225' title='bbox 895 4489 1064 4557; x_wconf 75' lang='lat' dir='ltr'>emppenc.</span> <span class='ocrx_word' id='word_1_226' title='bbox 1083 4503 1145 4555; x_wconf 83' lang='lat' dir='ltr'>pag.</span> <span class='ocrx_word' id='word_1_227' title='bbox 1162 4485 1215 4554; x_wconf 76' lang='grc'><strong>27).</strong></span> 
     </span>
    </p>
   </div>
   <div class='ocr_carea' id='block_1_9' title="bbox 0 0 1590 5134">
    <p class='ocr_par' dir='ltr' id='par_1_12' title="bbox 0 0 1590 5134">
     <span class='ocr_line' id='line_1_31' title="bbox 0 0 1590 5134; baseline 0 7"><span class='ocrx_word' id='word_1_228' title='bbox 0 0 1590 5134; x_wconf 95' lang='lat' dir='ltr'> </span> 
     </span>
    </p>
   </div>
  </div>
 </body>
</html>
