3180 5134
463 441 573 488 rusus.
596 441 632 488 os
656 441 825 489 uirroirro.
848 431 903 484 vi.
1224 421 1258 481 ti

140 615 210 682 12.
240 620 332 680 Acta
355 623 385 678 S.
414 622 594 692 Hippolyti
620 622 784 692 Episcopi
809 621 844 676 et
869 618 1052 689 Martyris.
1081 647 1116 658 -
1142 613 1189 672 De
1215 617 1256 671 its

92 717 315 790 Bollandtant
326 732 360 804 (1)
371 752 379 789 :
392 756 405 778 u
426 731 591 790 &namn
610 738 671 789 duo
684 733 835 792 Actorum
848 730 1036 802 [Hippolyta]
1051 737 1255 803 exemplaria,

93 843 235 896 quorum
245 831 546 900 uuumprolluius...
562 834 650 900 cadus
662 833 826 888 exordium
836 833 883 886 ila
896 835 985 886 sonat
995 848 1004 885 :
1015 827 1086 886 Post
1096 829 1256 886 transitum

93 927 285 984 beatissimae
299 928 434 998 Pelagius,
497 928 600 986 beatus
615 918 801 1000 Hippolytus,
815 927 907 998 quiet
919 931 1021 1004 Nouus
1035 926 1154 994 dicitur,
1169 928 1216 997 cuj
1222 942 1255 984 us

92 1027 315 1094 praedioatione
333 1028 511 1085 Alexandria
532 1043 678 1085 conversa
700 1027 833 1085 iuerat...
858 1029 982 1085 Romam
1004 1014 1112 1085 adiit...
1135 1027 1256 1084 Deinde

91 1125 271 1192 imper-itus
288 1124 436 1181 Actorum
455 1127 589 1194 turpior
606 1126 676 1194 fuse
695 1129 808 1181 narrat
820 1129 912 1180 uaria
930 1139 1000 1194 quoe
1017 1121 1050 1180 S.
1066 1113 1255 1194 Hippolytus

90 1219 148 1274 sub
157 1221 298 1290 imperto
311 1220 488 1277 Alexandri
499 1219 606 1278 Seueri
614 1225 709 1292 pessit
721 1227 751 1278 et
759 1222 1042 1292 scrutaminique
1055 1226 1135 1279 idern
1144 1227 1254 1279 auctor

91 1317 252 1386 affirmat,
272 1320 361 1374 illua
382 1322 437 1375 sub
451 1319 581 1376 Claudio
594 1320 775 1376 Alexandri
793 1333 964 1376 successore
983 1324 1176 1388 nrortprium
1187 1324 1255 1390 surb·

91 1411 180 1468 ir'sse.
212 1409 336 1484 Verum,
357 1418 391 1468 ut
412 1417 463 1470 bic
485 1419 564 1470 alios
589 1429 708 1471 errores
730 1417 890 1470 historicos
910 1419 1253 1486 praetermittamus

90 1521 244 1576 unquam
262 1513 439 1568 couu'lr'abit
458 1517 597 1582 tempora
610 1512 791 1570 Aleuandri
803 1519 832 1570 et
848 1512 980 1584 Claudii,
1003 1517 1059 1583 qut
1071 1518 1182 1570 soeculo
1195 1520 1253 1571 ter·

91 1605 136 1656 tio
154 1604 368 1673 imperarant,
389 1623 458 1662 cum
482 1613 571 1665 oetate
589 1607 624 1665 S.
647 1608 757 1665 Nonne·
774 1611 920 1679 episcopi,
941 1612 997 1678 qul
1014 1613 1124 1665 soeculo
1144 1612 1252 1679 quinto

91 1697 269 1771 Pelopiam
287 1707 480 1760 uwretricern
499 1709 701 1762 convertiti...
718 1705 877 1762 Praeterea
897 1707 1040 1762 tutunus
1060 1708 1149 1761 aliud
1160 1705 1252 1762 Acto-

91 1811 166 1851 rum
180 1802 399 1869 apoprupburn
419 1805 535 1871 quod...
556 1806 796 1873 eusuprodictis
815 1803 904 1859 Actis
923 1805 1112 1872 tenuioribus
1132 1807 1252 1858 contru-

91 1895 177 1947 clum
187 1897 323 1952 videtur.
335 1897 420 1954 Illud
428 1899 478 1954 bic
487 1902 646 1970 inteprum
655 1901 869 1968 eububebirnus,
881 1915 950 1956 cnm
959 1900 1044 1956 brem
1053 1902 1096 1954 sit
1106 1903 1135 1954 el
1145 1900 1251 1954 omnio

91 1993 278 2046 summatim
287 1999 540 2064 complectatur.»
552 1996 691 2068 Inferius
700 1997 1092 2067 sulp'unpitBollandiauus
1102 1999 1249 2066 scriptor:

93 2105 107 2126 u
122 2083 205 2142 Hoec
225 2087 325 2158 [Aeta]
343 2094 492 2162 cuiquam
510 2098 566 2149 aut
583 2094 649 2164 scre
668 2097 788 2150 nullam
807 2095 1024 2150 auctoritatem
1041 2095 1160 2150 babent.
1179 2117 1192 2138 n
1218 2123 1250 2136 -

91 2173 178 2236 Sunt
188 2189 295 2241 autern
308 2187 485 2256 bmmnzoclt
496 2209 504 2245 .·
520 2213 533 2235 κ
546 2191 654 2246 Beatus
665 2190 809 2260 Ypolitus,
821 2192 870 2260 qui
882 2189 912 2246 et
922 2193 1022 2247 Nonus
1033 2190 1152 2256 dicitur,
1164 2189 1249 2259 euJ'us

92 2279 309 2347 predicatione
321 2284 501 2344 Alexandria
513 2302 659 2345 conversa
671 2288 781 2355 iuerat,
795 2288 898 2344 limina
910 2287 1113 2358 apostolorum
1126 2286 1249 2342 visitare

93 2379 232 2446 cupiens,
253 2382 377 2438 Romam
396 2385 478 2442 adiit.
504 2387 679 2443 Sanctorum
700 2386 836 2456 sepulcra
856 2387 1033 2455 ubicumque
1055 2387 1085 2442 in
1108 2385 1180 2441 locis
1199 2385 1248 2440 vel

92 2474 279 2532 coemeteriis
288 2478 420 2536 invenire
433 2481 550 2551 poterat
563 2483 763 2538 curiosissime
772 2482 952 2552 requirebat,
964 2483 1061 2552 ibique
1074 2483 1178 2552 dignas
1189 2487 1248 2539 Deo

93 2572 200 2632 laudes
221 2575 371 2642 reserens,
398 2577 445 2632 die
467 2578 615 2648 noctuque
640 2579 824 2635 orationibus
842 2578 1028 2648 persistebat.
1054 2581 1247 2638 Postmodum

91 2683 164 2725 vero
185 2671 226 2726 ad
249 2673 374 2728 Portum
392 2674 565 2744 Tyberianae
578 2675 660 2731 urbis
677 2689 851 2745 properans,
866 2674 991 2745 Spiritus
1005 2677 1034 2732 S.
1051 2677 1148 2746 gratia
1163 2692 1247 2734 reve-

91 2764 172 2823 lante
185 2769 319 2825 Verbum
333 2771 403 2825 vitae
416 2770 522 2840 quibus
535 2771 652 2841 poterat
662 2786 731 2828 cum
749 2771 962 2827 miraculorum
975 2771 1091 2828 indiciis
1104 2773 1246 2842 praedica-

90 2860 149 2918 bat.
172 2867 307 2936 Denique
320 2867 475 2937 postquam
495 2868 591 2924 multa
604 2868 773 2924 divinorum
793 2869 937 2924 librorum
955 2870 1169 2925 commentaria
1187 2871 1246 2926 edi·

89 2959 142 3028 dit,
154 2962 186 3019 et
196 2961 316 3018 beatam
330 2962 474 3034 virginem
485 2968 614 3021 Auream
624 2964 771 3035 sepelivit,
782 2980 850 3021 eum
861 2965 981 3034 Ulpium
994 2965 1152 3021 Romulum
1164 2966 1245 3024 urbis

88 3057 191 3114 Romae
205 3059 352 3114 vicarium
363 3061 607 3131 reprehenderet,
621 3062 700 3132 quod
710 3062 893 3119 christianos
904 3063 1065 3119 crudeliter
1078 3063 1243 3132 damnaret,

88 3151 180 3220 ipsius
194 3154 303 3210 vicarii
316 3157 465 3226 praecepto
478 3157 577 3227 ligatis
591 3158 727 3214 manibus
740 3172 776 3214 ao
789 3157 911 3227 pedibus
921 3157 950 3213 in
964 3158 1079 3213 foveam
1093 3173 1172 3228 aqua
1184 3160 1244 3229 ple

88 3263 156 3306 uam
168 3252 412 3322 praecipitatur...
429 3255 587 3312 christiani
605 3269 679 3311 vero
700 3255 789 3310 noctu
803 3253 979 3325 levaverunt
996 3268 1104 3324 corpus
1123 3255 1188 3324 eJ'us
1208 3255 1244 3312 de

88 3346 177 3412 puteo
191 3348 312 3404 occuito
326 3349 391 3406 et...
407 3350 587 3420 sepelierunt
599 3351 630 3405 iu
643 3349 747 3406 eodem
760 3350 836 3415 loco,
849 3363 907 3404 nou
921 3348 1006 3417 longe
1019 3349 1056 3403 ab
1069 3349 1133 3418 ipsa
1146 3349 1242 3418 fovea,

88 3443 138 3498 sod
156 3445 246 3514 quasi
267 3446 354 3515 pedes
367 3447 435 3516 plus
455 3449 552 3504 minus
566 3447 721 3517 sexaginta
734 3447 765 3502 in
785 3446 882 3501 insuia
895 3458 961 3514 quae
974 3458 1032 3498 uuo
1053 3444 1148 3500 latere
1160 3459 1244 3501 mars

89 3535 186 3606 habat,
207 3540 360 3614 aflduobus
383 3543 528 3598 divisione
546 3543 624 3598 alvei
644 3542 767 3612 Tyberis
784 3541 935 3611 cingitur:
952 3541 1095 3596 vicesima
1113 3541 1244 3596 secunda

88 3631 134 3688 die
147 3635 262 3692 mensis
276 3639 410 3708 Augusti.
428 3665 442 3687 n
457 3639 494 3710 (ι)

134 3775 198 3841 13.
224 3782 311 3838 Acta
333 3786 361 3841 S.
390 3789 511 3842 Aureae
537 3785 601 3857 (seu
625 3786 788 3855 chryses)
808 3789 837 3840 et
860 3782 1029 3841 Sociorum.
1058 3812 1092 3822 -
1119 3781 1166 3838 De
1194 3785 1242 3838 bis
1315 3747 1325 3782 ι’

90 3897 196 3943 rursus
212 3890 348 3958 scriptor
357 3889 587 3948 Bollandlanus
597 3889 633 3964 (a)
647 3910 656 3947 .·
672 3915 685 3937 u
697 3890 745 3948 Ne
756 3893 880 3960 lonpius
893 3891 997 3946 abeam
1008 3907 1016 3944 :
1026 3890 1081 3944 boc
1090 3891 1169 3944 addo
1179 3890 1242 3944 bre·

117 4124 209 4180 (iiAct.
221 4126 270 4176 SS.
281 4129 344 4175 tom.
352 4128 392 4175 iv
402 4130 466 4188 Aug.
480 4142 503 4188 p.
516 4133 567 4177 506.
683 4129 743 4176 stris
755 4131 812 4176 aeta
820 4129 958 4176 vetustiora
966 4139 1023 4176 esse
1032 4129 1117 4174 seculo
1125 4126 1170 4185 lx,
1182 4139 1242 4186 quo·

118 4207 144 4261 (a)
162 4207 226 4256 ilaec
245 4207 364 4254 breviora
382 4213 441 4256 acis
457 4221 487 4256 ex
504 4211 653 4258 Msorsrrus
682 4210 753 4256 uiam
760 4221 852 4266 corpus
860 4205 991 4264 Hippolyti
999 4217 1030 4252 eo
1037 4207 1242 4262 secuioecrypta

94 4283 196 4338 isurun
207 4288 298 4348 Misus
306 4291 337 4336 P.
348 4290 379 4337 (l.
391 4293 409 4337 t.
419 4293 451 4338 X.
464 4304 489 4349 p.
501 4295 553 4339 545.
568 4293 605 4339 iix
617 4293 654 4339 ui·
684 4291 732 4336 viae
744 4291 873 4337 Tiberinae
884 4289 1036 4336 mandalum
1047 4291 1093 4334 est.

94 4367 158 4418 timis
167 4377 257 4421 aulem
266 4372 371 4420 illorum
383 4374 467 4420 verbis
478 4377 565 4422 mouet
576 4374 655 4430 biugi·
712 4374 741 4429 (a)
751 4373 808 4422 Act.
817 4372 863 4420 SS.
875 4375 936 4418 lom.
949 4369 984 4416 lv
995 4370 1060 4427 Aug.
1071 4381 1098 4426 p.
1109 4372 1160 4415 757.
