3180 5134
382 436 480 488 umus.
503 439 539 486 AB
559 439 641 490 luci.
665 441 775 489 auitos
798 439 879 488 ciues
900 436 933 484 ss
953 437 1047 486 issula.
1254 429 1285 486 17

108 603 215 660 docto
238 601 273 659 et
292 602 384 674 turpis
400 605 475 663 lucri
493 605 609 678 cupido,
630 608 680 678 qui
702 607 788 664 lucro
806 606 906 663 oblato
927 619 1088 677 persuasus
1110 605 1283 680 indulgebat

108 701 310 756 adeuntibus
325 702 357 758 ut
370 703 531 761 caementa
544 705 681 775 discipuli
695 687 861 773 sereniss
874 705 937 776 ipse
954 703 1080 762 aueetus
1093 707 1282 776 postmodum

109 797 144 852 in
160 798 402 866 eadcmruebat,
418 800 488 856 dum
502 803 529 858 ei
542 804 695 860 consultor
714 804 745 860 et
760 803 1037 873 adJutormalorum
1051 803 1124 880 erat
1135 805 1284 875 callistus,

108 896 211 965 cujus
242 895 337 952 vitam
359 897 389 953 ct
409 898 599 955 adinventam
621 901 749 955 haeresin
774 899 863 969 paulo
891 898 959 968 post
989 913 1145 968 exponam.
1172 901 1285 959 Horum

109 991 295 1048 secuudum
315 995 530 1052 successionem
549 996 711 1068 permansit
730 996 832 1052 schola
849 996 1050 1052 corroborans
1071 1011 1103 1052 se
1120 997 1151 1053 et
1171 1011 1286 1056 accres-

107 1105 207 1157 cenS,
223 1091 383 1161 propterea
394 1094 471 1163 quod
482 1093 525 1150 eis
538 1095 760 1151 auxiliabantur
771 1094 961 1164 zephyrinus
975 1094 1006 1150 at
1019 1093 1168 1163 Callistus,
1183 1111 1285 1166 quam·

109 1203 219 1259 quam
240 1203 296 1245 nos
313 1205 462 1260 nunquam
480 1206 593 1248 morem
611 1192 654 1248 eis
671 1192 827 1262 gessimus,
850 1191 901 1247 scd
922 1191 1103 1247 creberrima
1119 1193 1288 1251 obstitimus

109 1289 160 1344 cis
172 1301 292 1356 cosque
305 1288 493 1358 coarguimus
506 1288 537 1344 ot
549 1289 658 1346 invitos
672 1290 823 1358 coegimus
836 1287 997 1343 veritatem
1010 1289 1147 1346 confiteri
1161 1309 1168 1346 :
1183 1291 1234 1360 qui
1247 1291 1284 1348 ad

109 1383 248 1452 tempus
268 1383 385 1452 quidem
399 1385 543 1455 pudentes
555 1386 585 1442 et
599 1401 618 1441 a
631 1385 757 1442 raritate
769 1385 864 1441 coacti
877 1385 1104 1454 confitebantur,
1116 1388 1204 1456 paulo
1220 1389 1287 1458 post

110 1481 232 1536 autem
247 1480 286 1535 ad
301 1481 377 1537 idem
391 1497 510 1540 coenum
520 1484 760 1542 revolvebantur.
780 1507 792 1530 n
808 1480 846 1557 (1)

154 1573 245 1633 Iota.
255 1592 290 1632 n.
307 1577 349 1633 13.
360 1601 374 1623 α
390 1579 485 1648 Hujus
495 1581 552 1636 viri
567 1578 699 1644 [Callisti]
711 1579 846 1636 doctriua
858 1594 911 1650 per
922 1579 1020 1636 totum
1034 1581 1182 1639 mundum
1195 1583 1289 1642 divul-

112 1675 211 1745 gata,
224 1675 276 1729 vir
288 1674 534 1743 quidamastutus
544 1678 574 1732 at
584 1677 742 1746 pravitatis
752 1676 867 1746 plenus,
879 1676 927 1732 cui
940 1691 1046 1732 nomen
1059 1677 1228 1748 Alcibiadis,
1237 1681 1287 1737 ha·

111 1772 228 1828 bitans
235 1775 376 1840 Apameae
387 1773 489 1842 Syriae,
504 1774 662 1842 postquam
675 1772 925 1830 machinationem
937 1771 1022 1838 vidit,
1037 1775 1184 1830 acriorem
1194 1777 1289 1834 semet

112 1869 149 1924 et
179 1867 417 1938 ingeniosiorem
442 1868 479 1924 ad
506 1868 723 1925 haudulantias
751 1883 842 1938 quam
868 1867 1022 1925 Callistum
1048 1868 1148 1936 ratus,
1179 1873 1289 1940 prodiit

114 1967 234 2021 Romae
252 1964 353 2019 serens
363 1963 482 2032 librum,
493 1965 632 2022 dictitans
643 1965 721 2020 hunc
735 1980 772 2020 ex
782 1963 888 2034 oppido
902 1963 980 2020 seris
996 1963 1125 2020 Parthiae
1137 1968 1287 2037 accepisse

113 2063 231 2116 sirum
246 2059 406 2128 quemdam
419 2059 535 2128 Justum
549 2058 694 2127 Eichasai,
706 2075 794 2130 quem
806 2057 964 2115 tradiderit
977 2059 1104 2127 cuidam,
1119 2062 1166 2116 cui
1181 2079 1288 2121 nomen

116 2157 244 2223 schini,
262 2156 435 2225 suggestum
445 2157 486 2224 ,ab
502 2157 655 2226 angelo...
670 2159 742 2213 iisse
759 2157 861 2212 autem
880 2169 946 2211 cum
967 2170 1001 2210 eo
1016 2153 1141 2226 [angelo]
1161 2157 1191 2214 et
1209 2159 1290 2216 iami-

115 2268 271 2313 neam....
286 2251 318 2306 ct
329 2253 495 2310 masculum
505 2255 569 2309 ease
583 2252 688 2309 Filium
702 2256 765 2321 liei,
777 2253 936 2308 femineam
949 2251 1049 2308 autem
1063 2254 1205 2322 Spiritum
1219 2259 1289 2312 San·

115 2353 214 2410 ctum
239 2348 432 2419 appellari...
449 2352 509 2406 Hos
528 2351 629 2406 autem
649 2351 734 2407 dolos
754 2351 873 2407 nectere
892 2349 1015 2406 conatus
1035 2351 1091 2417 est,
1105 2353 1289 2410 occasionem

116 2447 240 2506 nactus
256 2459 275 2501 a
295 2445 397 2502 schola
415 2445 504 2502 autea
522 2447 614 2513 dicta,
628 2447 676 2504 cui
696 2447 815 2517 praefuit
830 2446 1004 2502 callistus...
1024 2446 1061 2502 Et
1074 2462 1127 2504 nos
1140 2463 1222 2517 vero,
1238 2452 1290 2520 qui

117 2545 201 2602 huic
212 2539 394 2607 restitimus
408 2555 464 2596 non
479 2543 603 2598 sivimus
614 2542 725 2598 diutius
735 2543 835 2600 seduci
845 2541 965 2608 multos,
977 2557 1045 2598 cum
1059 2557 1289 2613 coargueremus

117 2640 268 2698 essehoc
281 2638 404 2708 spiritus
414 2639 507 2708 spurii
517 2640 679 2696 efficaciam
693 2639 953 2708 commentumque
964 2638 1061 2694 cordis
1071 2638 1175 2706 inflati,
1187 2641 1290 2698 istum-

118 2752 188 2808 que
209 2735 310 2790 instar
329 2734 392 2803 lupi
411 2735 576 2791 excitatum
594 2749 660 2790 osse
679 2736 822 2791 adversus
842 2749 913 2792 ovas
933 2735 1067 2790 errantes
1080 2735 1201 2805 multas,
1216 2752 1289 2807 quas

118 2833 303 2896 seducendo
317 2833 454 2903 dispersit
468 2834 615 2892 callistus.
631 2860 644 2882 n
659 2832 696 2907 (a)
743 2853 749 2866 ·

164 2935 222 2992 Ex
236 2934 333 2989 libil.
343 2932 428 2989 naid.
440 2957 453 2978 ι·
471 2933 691 3000 ....[Abraham]
753 2933 930 3004 commigrat
942 2935 1008 2990 in...
1021 2935 1245 2994 Palaestinam...
1255 2939 1291 2996 de

119 3048 229 3104 qua...
253 3029 400 3085 rationem
418 3029 496 3085 haud
517 3031 702 3100 negligenter
714 3029 896 3086 reddidimus
918 3029 947 3085 in
960 3030 1026 3088 aliis
1046 3031 1175 3088 libris...
1198 3036 1291 3092 Erant

119 3131 237 3187 autem
257 3125 305 3180 haa
328 3129 375 3196 [ex
397 3125 581 3182 patriarchis
605 3126 690 3200 ortae]
715 3127 751 3186 72
773 3127 887 3195 gentes,
911 3141 1037 3196 quarum
1061 3127 1151 3183 etiam
1172 3132 1293 3187 nomina

121 3223 330 3296 exposuimus
349 3222 379 3276 in
396 3221 462 3278 aliis
478 3221 573 3289 libris,
590 3237 626 3278 ne
644 3222 700 3278 hoo
723 3222 840 3291 quidem
863 3222 1125 3292 praetermittentes
1146 3238 1200 3280 suo
1214 3224 1290 3292 loco,
1335 3291 1339 3298 ,

120 3319 323 3392 cupientes...
337 3317 587 3374 demonstrare...
600 3318 796 3374 indubitatam
812 3317 1009 3386 coguitionem
1024 3332 1111 3386 quam
1128 3334 1195 3375 cum
1211 3320 1291 3376 labo·

121 3421 219 3479 ribus
237 3397 321 3470 nobis
339 3415 511 3484 paravimus
530 3415 611 3471 circa
634 3414 837 3471 veritatem...
854 3410 935 3479 [Noe]
950 3415 1052 3485 effugit
1065 3415 1246 3473 diluvium...
1262 3420 1291 3474 in

122 3521 208 3575 ar'ca
221 3513 370 3579 servatus
385 3513 471 3582 cujus
485 3515 515 3570 et
525 3527 673 3569 mensurae
683 3514 714 3570 et
727 3514 869 3582 reliquiae,
881 3513 968 3568 sicuti
980 3515 1180 3582 exposuimus,
1194 3515 1291 3571 adhuc

123 3629 233 3684 usque
247 3611 453 3670 monstrantur
464 3613 495 3666 in
509 3612 659 3668 montibus
673 3612 780 3668 Ararat
794 3610 917 3678 vocatis,
933 3609 982 3679 qui
993 3609 1063 3664 aunt
1074 3611 1290 3667 Adiabenorum

122 3712 291 3781 regionem
306 3721 421 3762 versus.
440 3731 453 3754 n
470 3705 505 3778 (a)

169 3805 256 3864 luae.
271 3819 303 3860 a.
319 3806 365 3860 32.
383 3827 396 3848 a
468 3803 522 3866 Qui
535 3803 562 3858 si
574 3800 705 3857 discendi
719 3801 818 3871 cupidi
839 3801 927 3857 erunt
944 3802 974 3856 et
991 3801 1098 3856 horum
1111 3801 1292 3857 substantias

123 3917 304 3972 causasque
319 3901 496 3963 universalis
509 3900 630 3956 fabricae
652 3898 818 3968 anquirent,
834 3898 1012 3967 cognoscant
1029 3895 1134 3950 lecturi
1158 3897 1292 3952 nostrum

124 4015 251 4073 librum
265 4008 315 4078 qui
329 4007 458 4077 scriptus
468 4007 513 4062 est
523 4009 568 4062 Da
584 4004 746 4061 universi
762 4001 963 4059 substantia
973 3997 1050 4072 (Περὶ
1065 3997 1113 4061 τῆς
1127 3997 1176 4051 τοῦ
1192 3996 1293 4062 naaria

123 4109 252 4183 οὗσίκς).
270 4135 284 4159 n
300 4111 336 4180 (a)

158 4299 191 4354 p)
204 4293 273 4342 ibid.
288 4304 312 4349 p.
325 4295 390 4339 asos.
626 4327 627 4330 ,
759 4287 863 4342 (allatu.
876 4299 900 4360 p.
914 4290 978 4333 alii.

161 4395 192 4440 qa,
206 4375 275 4426 ibid.
291 4383 316 4429 p.
331 4374 394 4417 3388.
763 4368 790 4420 (a)
803 4367 867 4412 Ibid.
882 4379 905 4422 p.
919 4369 983 4410 3448.
