3112 5144
336 421 394 481 tet
574 439 646 485 mss.
669 437 710 485 ut.
735 441 771 485 na
792 439 917 488 tucrons
939 441 1239 492 ruinosornouuauou.

386 641 424 688 a.
450 605 592 682 Auctor
612 606 755 682 Peiros.
783 605 934 684 videtur
956 608 1047 684 satis
1071 609 1283 700 manifeste,
1305 615 1486 714 quamvis

334 741 525 828 indirecte,
545 738 700 840 gloriari
723 739 859 818 desua
882 740 1038 820 scientia
1059 742 1275 844 hujusmodi
1298 747 1485 824 constitu-

333 879 492 967 tionum,
518 877 608 954 dum
637 875 891 978 Zephyrinum
915 881 1023 980 quasi
1054 880 1190 958 harum
1216 882 1393 983 ignarum
1420 910 1486 961 su·

333 1011 505 1114 gillotii).
527 1011 719 1087 Praeterea

379 1189 412 1252 b.
432 1171 475 1248 In
489 1170 610 1272 primo
625 1169 823 1248 Canonunr
841 1171 1007 1248 ecclesiae
1025 1172 1292 1252 Alexandrinae
1306 1179 1344 1274 (a)
1363 1201 1482 1279 appa-

332 1312 388 1384 rot
400 1306 499 1408 apud
517 1330 647 1382 eorum
664 1309 855 1383 auctorem
874 1307 1086 1386 sollicitudo
1100 1311 1272 1410 quaedam
1286 1313 1483 1390 asserendi

331 1421 438 1518 suam
456 1440 566 1517 fidem
590 1441 691 1516 cirea
709 1441 776 1518 SS.
800 1441 1022 1519 Trinitatem
1045 1447 1083 1520 et
1099 1446 1275 1548 carpendi
1293 1449 1481 1548 quosdam

330 1575 394 1678 qui
413 1599 485 1652 non
504 1573 685 1651 sentirent
701 1573 829 1650 eadem
848 1599 934 1650 cum
952 1575 1047 1677 ipso,
1067 1581 1104 1654 et
1121 1603 1213 1678 quos
1231 1604 1347 1655 asuae
1361 1579 1480 1656 eccle-

329 1712 395 1788 siae
425 1711 684 1787 communione
714 1713 901 1814 sejunctos
931 1713 1130 1816 significat.
1164 1717 1257 1793 Haec
1286 1722 1416 1794 autem
1444 1725 1481 1795 et

328 1846 526 1946 ratioque
556 1846 592 1921 id
620 1845 760 1923 indicat
785 1847 924 1950 optime
949 1849 1176 1927 conveniunt
1205 1875 1291 1926 oum
1316 1852 1363 1928 iis
1391 1879 1480 1954 quae

327 1979 441 2057 refert
458 1983 589 2056 auctor
605 1981 749 2057 Ptz‘les.
772 1980 839 2058 IX.
865 1987 903 2057 ll
926 1986 963 2059 et
983 1989 1027 2058 12
1045 1987 1128 2086 post
1145 1984 1228 2060 med
1248 1987 1298 2082 (a).

378 2156 442 2239 62.
461 2175 521 2238 11ο
542 2157 705 2260 Aliquod
722 2159 837 2236 etiam
854 2160 1055 2261 vestigium
1074 2163 1239 2264 antiquas
1256 2162 1475 2239 traditionis

326 2295 428 2371 circa
458 2293 707 2397 Hippolytum
737 2294 835 2395 quod
866 2294 967 2370 hunc
1001 2295 1171 2372 eumdem
1201 2319 1287 2372 oum
1317 2299 1477 2372 auctore

324 2429 468 2504 Pln‘los.
485 2425 710 2514 manifestet,
733 2427 895 2530 reperire
912 2427 999 2505 lieet
1016 2428 1056 2504 in
1069 2429 1216 2507 decreto
1234 2428 1299 2504 illo
1312 2453 1473 2530 apocry-

323 2561 398 2664 pho
417 2560 576 2640 Concilii
601 2561 764 2638 Romani
786 2587 848 2639 ao.
878 2567 963 2650 324,
984 2562 1047 2639 ubi
1067 2562 1180 2640 simul
1205 2587 1291 2639 cum
1310 2559 1473 2638 Callisto

322 2699 515 2796 tamquam
531 2693 729 2771 haereticus
746 2695 945 2772 damnatus
963 2694 1103 2796 legitur
1117 2699 1167 2795 (t).
1187 2695 1302 2773 Nulla
1315 2695 1473 2771 omnino

321 2827 514 2930 hucusque
539 2829 586 2904 ab
615 2827 772 2904 eruditis
799 2829 862 2930 qui
890 2828 959 2906 hoc
986 2829 1176 2907 decretum
1202 2828 1473 2906 examinarunt

321 2967 417 3043 ratio
431 2967 513 3043 dari
532 2965 653 3068 potuit
670 2967 943 3067 conjunctionis
958 2965 1110 3043 illorum
1129 2967 1335 3044 nominum.
1355 2967 1470 3042 Nunc

320 3104 460 3188 autem,
489 3125 605 3201 quum
631 3124 676 3174 ex
707 3101 849 3177 Philas.
883 3099 947 3177 lib.
983 3100 1037 3177 IX
1069 3101 1284 3178 noverimus
1315 3099 1470 3175 ineunte

320 3359 552 3424 *improbandus
573 3359 643 3410 Nem
664 3359 692 3408 in
713 3373 745 3409 eo
762 3373 823 3420 quae
840 3359 873 3408 ad
907 3361 935 3410 et
950 3359 1166 3412 Alexandrinam
1183 3360 1334 3424 praesertim
1353 3359 1469 3409 nomine

320 3449 469 3501 *ecclesiae
479 3447 651 3512 disciplinam
660 3449 878 3500 attinentomnia
911 3450 1054 3516 Hippolyti
1083 3451 1216 3515 inscripta
1245 3451 1382 3516 reperitur
1413 3449 1468 3500 ista

319 3537 637 3602 «comprehendentem
672 3551 760 3600 neque
792 3538 871 3601 quid·
905 3538 1467 3602 constitutionumcollectio‚tortesliquis

319 3650 331 3672 a
345 3641 427 3690 quom
439 3629 486 3677 sut
498 3627 526 3676 in
542 3627 597 3677 nde
612 3641 644 3676 ac
660 3627 797 3678 catholica
809 3642 868 3692 pro·
902 3625 1467 3694 explicaveritsupponendohasecclesiss

319 3717 669 3780 2·sessionedep1·avatum‚
687 3719 735 3768 aut
751 3717 874 3769 ecclesia
908 3718 1062 3772 Orienteles
1081 3719 1193 3771 ineunte
1208 3733 1263 3770 sec.
1283 3717 1323 3768 lli
1343 3717 1465 3768 Romam

319 3829 331 3850 e
344 3805 576 3856 administrationi
588 3819 621 3856 ac
633 3807 751 3857 decretis
768 3809 874 3858 contra·
908 3809 1017 3860 misisse
1028 3809 1161 3871 quosdam
1174 3807 1221 3872 qui
1233 3805 1464 3859 constitutionum

318 3920 330 3939 a
345 3899 416 3949 rium
438 3899 609 3950 continents·
630 3899 672 3960 (P.
696 3900 727 3950 G.
747 3903 765 3950 t.
785 3900 871 3952 XLil.
907 3901 1157 3953 ecclesiasticarum
1167 3901 1290 3952 codicem
1302 3900 1367 3951 inde
1377 3901 1463 3951 reser-

318 4005 343 4054 p.
357 3991 423 4050 355).
906 3993 968 4042 rent
980 4007 987 4042 :
1001 3991 1049 4054 qui
1061 3991 1147 4056 legati
1159 3991 1187 4041 in
1199 3991 1350 4041 sectatores
1360 3987 1463 4052 Hippo-

348 4081 379 4142 (ι)
392 4076 467 4128 Phil.
482 4076 530 4129 tx.
545 4079 599 4130 iet
613 4079 641 4129 ll
660 4077 719 4130 init.
734 4079 869 4144 (Append.
905 4079 953 4145 lyti
977 4081 1124 4132 inciderint
1146 4081 1173 4130 et
1193 4081 1227 4130 ab
1248 4077 1283 4128 iis
1302 4078 1463 4141 acceperint

317 4191 399 4242 pagg.
412 4171 447 4227 le
458 4177 525 4228 extr.
541 4169 633 4236 et4ss).
905 4176 1096 4229 collectionem
1106 4191 1188 4240 quam
1197 4175 1320 4239 ipsorum
1328 4159 1462 4238 magister

348 4277 379 4334 (nt
391 4271 464 4322 Test.
479 4271 536 4322 111.
551 4271 571 4320 Β
587 4271 721 4335 (Append.
739 4284 800 4336 pag.
814 4265 869 4326 24).
905 4273 1070 4322 coniecerat.

347 4367 378 4426 (sl
394 4367 517 4431 Append.
536 4379 617 4431 pugg.
635 4359 684 4432 46,
697 4359 734 4418 48
749 4366 819 4416 extr.
838 4393 870 4402 -
936 4337 1311 4430 (r)Test.V1.⁸10(tlppend.
1326 4375 1389 4427 pag.
1401 4356 1458 4424 29).

321 4453 399 4518 Quod
412 4454 503 4506 autern
515 4454 588 4518 apud
602 4453 732 4506 ecclesias
745 4453 873 4519 Syriacas
1175 4488 1178 4496 ,
