3180 5134
313 437 358 498 ⁵⁰
688 487 690 492 -
806 451 925 504 urrann.
949 441 984 500 G.

317 636 337 678 a
355 623 421 680 viro
432 620 568 678 tenuiore
585 618 708 690 propter
725 621 923 690 gentilitatem
946 621 1128 691 nimiamque
1141 634 1208 677 rem
1222 621 1412 696 familiarem.
1428 623 1477 680 vi-

317 721 385 777 dete
398 719 494 791 quoad
506 717 666 789 impietatis
680 719 863 788 processerit
875 719 1027 790 improbus
1037 719 1088 774 ille
1105 717 1286 776 adulterium
1301 720 1476 791 caedemque

317 816 406 873 simul
429 813 561 871 docendo
583 833 590 870 :
611 814 642 869 et
664 814 743 870 inter
760 815 825 871 lineo
844 816 1001 873 conamina
1021 814 1207 885 impudentes
1230 817 1273 872 illi
1293 819 1476 875 catholicam

317 913 478 969 Ecclesiam
497 910 591 968 semet
609 909 758 981 appellare
775 911 1004 982 aggrediuntur,
1025 913 1218 982 nonnullique
1233 911 1302 971 'rem
1316 916 1390 972 bene
1404 915 1473 987 geri

315 1009 494 1064 arbitrantes
507 1006 549 1062 eis
562 1005 770 1076 astipulantur.
787 1007 884 1077 liujus
899 1009 988 1064 aetate
1000 1009 1098 1080 primo
1110 1009 1274 1079 baptismus
1291 1011 1418 1070 iteratus
1434 1013 1476 1068 ab

315 1106 351 1162 iis
361 1105 493 1162 tentatus
511 1103 565 1159 est.
581 1104 652 1159 llaec
665 1103 758 1174 igitur
777 1100 1058 1161 mirificentissimus
1073 1105 1211 1161 callistus
1224 1107 1366 1176 condidit,
1382 1108 1475 1178 cujus

314 1202 417 1259 schola
437 1199 592 1272 permanet
613 1199 783 1256 custodiens
807 1215 906 1264 mores
931 1201 1190 1270 traditionemque,
1215 1216 1274 1257 non
1296 1201 1475 1259 discernens

314 1299 489 1370 quibuscum
505 1295 642 1368 oporteat
653 1297 886 1364 communicare,
901 1297 953 1354 sed
972 1299 1107 1355 omnibus
1125 1299 1189 1355 elne
1201 1298 1374 1356 discrimine
1390 1314 1477 1356 oom-

313 1397 484 1453 munionem
502 1395 629 1452 afferens
644 1407 687 1451 :a
706 1408 765 1465 quo
784 1394 875 1451 etiam
896 1395 1079 1466 cognominis
1098 1395 1258 1451 traxerunt
1275 1395 1476 1465 nuncupatio·

313 1509 391 1563 nem,
406 1495 441 1551 ut
451 1493 575 1564 propter
592 1492 819 1564 antesignanum
833 1493 941 1550 harum
961 1507 1064 1552 rerum
1077 1493 1231 1551 callistum
1246 1493 1476 1566 appellarentur

314 1591 485 1648 callistiani.
501 1611 515 1643 ι
537 1589 574 1664 (l)

341 1852 368 1906 til
382 1851 411 1898 P.
430 1851 460 1899 G.
476 1854 494 1899 t.
510 1853 578 1900 xvi.
594 1854 664 1900 Part.
680 1865 720 1900 ιιι.
737 1865 761 1911 p.
780 1855 837 1899 ³377
853 1865 910 1912 sqq.
979 1873 987 1886 ·
