3170 5134
355 481 413 540 152
591 489 662 536 mss,
685 488 726 532 ιιι.
750 486 786 531 or
807 484 935 532 iocronr
957 483 1259 544 rnraosornoonrror.

353 656 423 736 soli
441 654 647 758 Hippolyto
670 652 846 741 tributas,
871 651 911 726 in
934 650 1127 750 sententiis
1149 649 1344 748 hucusque
1370 671 1506 749 propo-

353 791 435 868 sitis
452 788 604 867 omnino
621 784 801 887 explicari
819 809 894 862 non
910 808 1030 886 posse.

674 1048 692 1110 ἓ
709 1047 738 1100 3.
758 1048 805 1098 De
823 1043 987 1111 martyrio
1004 1040 1181 1108 Hippolyti.

399 1291 465 1375 36.
492 1293 642 1370 Rursus
661 1287 911 1392 Hippolytum
934 1293 1105 1365 nostrum
1129 1291 1335 1388 martyrem
1360 1288 1504 1388 passim

352 1429 543 1534 appellant
564 1433 723 1514 veteres,
746 1427 810 1502 sed
834 1425 879 1502 dc
900 1429 1080 1527 tempore,
1106 1423 1270 1510 deloco,
1294 1423 1340 1498 de
1365 1447 1505 1524 genere

351 1565 535 1670 passionis
556 1565 637 1666 ejus
661 1559 811 1640 omnino
836 1559 959 1637 silent.
986 1560 1071 1636 Non
1096 1557 1277 1633 habemus
1304 1556 1429 1657 igitur
1457 1556 1504 1633 ad

351 1704 432 1780 haec
462 1699 787 1779 determinandum
816 1697 893 1775 alia
922 1696 1090 1774 subsidia
1118 1698 1256 1796 praeter
1284 1694 1504 1771 testimonia

351 1839 418 1916 illa
435 1838 560 1914 minus
579 1839 709 1938 aperta
726 1857 810 1936 quae
828 1834 867 1910 in
886 1839 991 1910 sexta
1008 1832 1128 1908 classe
1146 1830 1420 1908 recensuimus,

402 2009 462 2094 37·
489 2012 592 2088 Inter
609 2010 691 2086 haec
707 2009 747 2086 in
764 2009 897 2112 primis
915 2009 1141 2086 attendenda
1167 2013 1255 2086 sunt
1275 2034 1320 2086 ca
1337 2035 1428 2113 quae
1447 2035 1502 2087 re-

350 2147 550 2250 periuntur
573 2145 612 2220 in
633 2144 777 2239 duobus
801 2143 1032 2220 documentis
1056 2144 1329 2246 antiquissimis
1358 2150 1400 2224 et
1422 2170 1502 2222 ma·
1572 2209 1573 2214 ,

350 2281 463 2357 ximae
489 2279 588 2382 apud
616 2278 781 2356 eruditos
808 2278 1058 2368 auctoritatis
1091 2282 1263 2376 Colalopo
1288 2282 1501 2358 Liber-iuno
1543 2345 1547 2364 ,

350 2417 493 2494 scilicet
516 2420 552 2493 et
574 2395 814 2513 Deposilioae
830 2421 1056 2512 Martyrum
1073 2440 1138 2492 seu
1160 2413 1394 2493 Kalendario
1423 2417 1500 2494 Ro-

328 2581 461 2633 ·nrano
492 2578 564 2630 soc.
586 2553 641 2629 IV
671 2555 724 2650 (1).
752 2554 812 2630 Ex
842 2551 1023 2654 Catalogo
1054 2553 1234 2629 habemus
1266 2553 1500 2630 Pontianum
1572 2555 1573 2566 ’

350 2692 400 2770 R.
428 2693 474 2766 P.
502 2713 588 2766 cum
613 2687 820 2790 Hippolyto
842 2689 1058 2790 presbytero
1083 2686 1231 2763 exulem
1258 2686 1501 2788 deportatum
1572 2687 1573 2690 ’

350 2850 430 2902 esse
447 2824 487 2900 in
502 2823 717 2902 Sardiniam
734 2827 900 2925 tempore
916 2822 1122 2901 Alexandri
1142 2821 1271 2900 Severi
1290 2820 1501 2923 Imperato-

351 2959 417 3048 ris,
437 2961 538 3034 etex
561 2955 806 3046 Kalendario‚
827 2931 953 3035 lortius
972 2958 1136 3058 Augusti
1158 2954 1339 3033 celebrari
1358 2979 1501 3032 memo·

351 3097 447 3173 riam
466 3094 663 3198 Hippolyti
682 3096 722 3172 in
741 3096 940 3174 Tiburtina
957 3097 1008 3196 (in
1032 3094 1246 3172 coemeterio
1270 3092 1419 3171 scilicet
1437 3117 1501 3170 seu

349 3241 482 3340 crypta
509 3261 594 3337 quac
622 3240 704 3312 erat
730 3237 769 3312 in
798 3237 861 3314 via
892 3237 1116 3334 Tiburtina),
1141 3237 1319 3314 Pontiani
1350 3237 1502 3314 veroin
1572 3335 1573 3338 Ἴ

351 3371 498 3449 Callisti
517 3396 583 3447 seu
608 3371 647 3446 in
670 3372 882 3448 coemeterio
902 3370 1065 3459 Callisti,
1086 3396 1159 3472 quo
1181 3371 1262 3472 ejus
1286 3369 1503 3472 reliquiaea

350 3511 517 3588 Fabiano
544 3510 582 3588 S.
609 3510 656 3585 P.
682 3509 876 3588 translatae
901 3535 982 3587 esse
1005 3509 1221 3586 referuntur
1246 3509 1285 3585 in
1314 3509 1502 3611 Catalogo

350 3675 422 3726 sec.
444 3648 499 3724 VI
518 3648 568 3746 (a).
590 3646 647 3724 De
664 3647 792 3725 eodem
810 3656 937 3726 autem
963 3648 1170 3751 Hippolyto
1188 3648 1250 3749 agi
1275 3649 1315 3724 in
1338 3653 1504 3751 utroque

349 3786 571 3862 documento
594 3782 751 3861 dubium
776 3811 856 3862 osse
886 3810 959 3862 non
986 3788 1120 3886 potest,
1151 3809 1269 3886 quum
1296 3788 1503 3886 utrumque
1572 3763 1573 3768 ¹

350 3921 399 3996 sit
416 3919 635 3998 Romanum
651 3923 689 3996 et
705 3919 871 4019 ejusdem
893 3919 1017 3996 aetatis
1041 3923 1078 3994 et
1094 3917 1293 4018 utrobique
1312 3917 1502 4021 Hippoly-

348 4061 513 4133 tuscum
531 4052 721 4130 Pontiano
740 4057 1003 4156 conjungatur.

384 4313 413 4375 (1)
423 4309 496 4361 Test.
507 4307 562 4358 v1.
572 4304 899 4394 asmppenopagau.
935 4307 1125 4373 [Pontianum]
1143 4309 1238 4360 boatus
1255 4307 1398 4362 Favianus
1414 4308 1501 4361 adda·

380 4404 408 4468 (r)
421 4399 485 4462 Ubi,
496 4399 559 4462 post
569 4399 654 4449 verba
665 4398 748 4450 citata
760 4399 898 4450 Test.V1.
932 4399 973 4450 xit
984 4403 1011 4450 et
1027 4397 1151 4464 sepelivit
1167 4399 1197 4449 ia
1214 4400 1378 4452 coemeterio
1391 4399 1501 4457 Calixti,

348 4495 517 4562 51Append.
532 4509 594 4560 pag.
608 4487 650 4558 27)
662 4491 765 4558 legitur
775 4511 781 4545 :
792 4515 804 4537 a
818 4495 904 4553 Quem
937 4493 1077 4570 viatppia
1088 4517 1100 4538 n
1114 4495 1155 4558 (P.
1166 4494 1198 4546 L.
1207 4497 1226 4547 t.
1235 4495 1410 4564 cxxvllp.
1420 4501 1500 4561 1337).
