3132 5140
394 463 449 523 188
633 477 703 522 DlSS·
729 479 769 522 ΙΙΙ.
795 479 829 522 DE
851 477 977 523 AUCTOR!
1000 475 1298 522 auitosorflounanon.

442 651 476 720 1ο
494 680 509 708 a
528 644 857 745 Supervacaneum
875 639 1025 719 videtur
1043 643 1236 718 immorari
1257 642 1295 717 in
1309 639 1524 719 conferenda

389 777 593 855 Novatiani
614 777 785 854 doctrina
808 801 892 851 cum
920 775 966 851 iis
984 801 1068 876 quae
1089 775 1250 878 scriptor
1274 775 1390 876 hujus
1416 772 1524 876 operis

387 915 431 991 dc
449 915 566 992 Patre
583 939 627 990 ac
647 913 770 990 Verbo
788 914 905 1014 deque
925 918 1057 990 mutua
1079 914 1277 1017 utriusque
1292 914 1524 1017 hypostaseos

388 1049 618 1126 habitudine.
644 1049 747 1124 Adeo
772 1073 904 1152 nempe
925 1048 1065 1125 similia
1091 1056 1180 1126 sunt
1205 1050 1304 1126 inter
1330 1063 1425 1136 sese,
1452 1071 1524 1149 quae

386 1185 565 1286 leguntur
587 1187 625 1262 in
650 1186 745 1262 libro
770 1185 973 1262 Novatiani
997 1193 1043 1261 dc
1070 1189 1258 1262 Tm'm'cate
1287 1190 1323 1282 (1)
1354 1211 1387 1261 r.
1414 1208 1522 1262 nuru.

385 1329 497 1424 atque
527 1323 565 1398 in
596 1324 666 1399 hae
693 1323 883 1400 haereseon
913 1322 1167 1400 confutatione
1193 1348 1245 1398 ix.
1283 1329 1344 1411 12;
1379 1343 1524 1422 quaequr

388 1483 536 1534 rursum
566 1458 626 1533 hic
652 1483 688 1532 x.
719 1463 742 1533 3
771 1461 883 1560 atque
912 1456 990 1533 illic
1015 1483 1068 1534 cc.
1099 1483 1163 1545 uu,
1193 1483 1286 1534 xxxi
1313 1456 1522 1556 consignata

385 1596 484 1669 sunt.
506 1628 520 1645 ·
540 1637 586 1646 -
601 1591 650 1669 R.
671 1593 799 1692 Neque
818 1592 890 1668 ista
908 1590 1114 1669 similitudo
1127 1596 1234 1670 tanta
1248 1597 1305 1670 cst
1321 1598 1359 1670 et
1377 1616 1450 1669 non
1466 1589 1522 1664 mi·

386 1751 468 1813 nor,
494 1726 568 1802 imo
591 1727 712 1827 major
734 1726 941 1803 similitudo
962 1727 1122 1804 habetur
1143 1729 1240 1830 apud
1266 1727 1517 1830 Hippolytum.

437 1903 474 1988 t.
500 1914 539 1984 2⁰
567 1907 823 1992 novatianus,
856 1908 954 1984 sicut
986 1912 1119 1984 auctor
1150 1910 1308 1994 Philon„
1341 1932 1423 2010 cap.
1459 1901 1516 1979 ull.

383 2043 442 2118 sui
464 2040 551 2117 libri
582 2041 627 2117 de
652 2041 851 2128 Trinitate,
878 2042 1031 2118 omnino
1062 2040 1147 2120 silet
1169 2042 1215 2118 de
1243 2041 1388 2142 Spiritu
1416 2039 1453 2118 S.
1481 2082 1519 2090 *-

384 2175 432 2253 R.
459 2175 620 2251 Positivi
643 2175 782 2252 erroris
804 2177 904 2253 circa
925 2176 1135 2254 doctrinam
1157 2176 1201 2254 de
1228 2177 1373 2279 Spiritu
1404 2177 1440 2254 S.
1468 2201 1517 2248 ne

382 2333 454 2408 quc
470 2309 580 2409 argui
599 2313 720 2411 potest
745 2313 877 2387 auctor
901 2314 1044 2388 Philon.
1068 2315 1104 2410 (a)
1132 2337 1250 2415 neque
1277 2313 1514 2390 Novatianus.

381 2444 441 2544 qui
478 2469 559 2546 cap.
597 2450 645 2521 29
679 2452 724 2522 dc
758 2449 948 2523 Trz'm'tute
983 2451 1019 2546 (al
1056 2447 1153 2524 hanc
1188 2447 1397 2525 doctrinam
1430 2457 1516 2520 rorte
1550 2505 1551 2508 ,

319 2660 321 2664 ,
381 2579 531 2656 omnino
556 2579 724 2666 tradidit,
754 2582 926 2681 quamvis
953 2586 1111 2683 uterque
1134 2581 1344 2657 breviusde
1371 2607 1413 2656 ea
1439 2592 1513 2674 apat

380 2739 491 2816 quam
511 2715 645 2816 Patres
664 2740 735 2792 sec.
758 2715 812 2792 IV
830 2721 866 2794 et
886 2717 931 2792 V.

431 2891 470 2974 6.
495 2900 534 2970 3Ο
560 2894 748 2973 Severitas
780 2903 905 2973 autem
936 2895 1144 2998 disciplima
1174 2896 1274 2972 circa
1305 2895 1513 2995 prenitentes

378 3030 585 3107 eommunis
624 3030 695 3106 fuit
735 3031 947 3108 Novatiano
985 3055 1070 3107 cum
1090 3029 1322 3108 Tertulliano
1366 3037 1402 3105 et
1439 3025 1513 3103 aliis

378 3163 640 3241 schismaticis.
676 3179 681 3184 “

430 3337 463 3420 7.
483 3341 540 3416 Ex
565 3341 623 3416 his
653 3341 768 3442 igitur
798 3342 1093 3420 concludendum
1120 3345 1269 3421 videtur
1299 3345 1508 3444 sententiam
1549 3337 1550 3362 ³

379 3478 424 3555 P.
445 3474 643 3552 Armellini
662 3474 767 3552 nulla
788 3477 1049 3578 probabilitate
1073 3481 1234 3582 positiva
1250 3482 1427 3582 gaudere,
1446 3481 1509 3556 imo

377 3609 468 3686 satis
494 3609 649 3686 refutari
674 3635 718 3686 ex
745 3611 908 3712 eoquod
933 3613 1079 3688 nonnisi
1109 3612 1292 3690 violenter
1318 3615 1507 3692 admodum

375 3747 569 3824 conciliari
596 3752 717 3849 potest
734 3774 820 3824 cum
839 3750 885 3825 iis
902 3775 987 3852 quae
1005 3750 1117 3828 habet
1133 3756 1265 3829 auctor
1281 3758 1425 3832 Philus.
1448 3751 1503 3827 IX.

380 3888 423 3959 12
440 3884 491 3979 (4),
508 3885 544 3957 et
561 3884 744 3983 praeterea
761 3890 981 3984 argumento
1000 3885 1173 3986 negativo
1196 3887 1286 3962 satis
1305 3889 1441 3974 valido,
1460 3884 1505 3960 ui-

374 4017 512 4094 mirum
530 4017 628 4118 quod
647 4017 844 4095 Cornelius
864 4021 902 4098 S.
925 4021 969 4096 P.
989 4021 1026 4096 in
1040 4020 1197 4123 epistola
1210 4046 1280 4098 sua
1297 4024 1343 4099 ad
1360 4022 1504 4101 Fabium

405 4319 434 4371 tr)
449 4314 479 4364 P.
494 4313 524 4365 L.
543 4314 561 4364 t.
576 4313 626 4365 lll.
641 4329 665 4379 p.
680 4317 728 4367 886
740 4331 799 4380 sqq.
994 4319 1023 4382 (a)
1039 4319 1069 4370 P.
1085 4320 1114 4370 1..
1130 4323 1148 4370 t.
1164 4319 1212 4370 111.
1227 4335 1253 4383 p.
1267 4321 1324 4372 943.

405 4403 501 4465 lelcsr.
531 4418 616 4469 supra
647 4407 712 4471 Cap.
745 4406 788 4458 IV.
821 4409 853 4458 N.
884 4411 961 4460 66-70
995 4413 1024 4472 (⁴)
1037 4409 1091 4461 Otr.
1106 4423 1190 4473 supra
1202 4409 1236 4460 N.
1253 4410 1274 4459 l.

372 4499 445 4560 ‹raa-
463 4495 528 4558 161).
