3154 5134
497 1158 739 1247 CAPUT
779 1165 854 1248 II.

106 1434 155 1488 DE
183 1433 426 1490 CHRONOTAXI
450 1436 697 1494 SUCCESSIONlS
723 1439 784 1493 ΒΗ.
811 1430 869 1494 PP.
899 1441 945 1496 AB
969 1442 1069 1496 ANNO
1099 1443 1149 1500 100
1174 1445 1221 1500 AD

560 1559 691 1614 ANNUM
717 1560 781 1618 230.

140 2056 175 2138 l.
195 2059 239 2138 Si
257 2063 515 2162 computemus
533 2083 719 2136 summam
741 2084 927 2137 annorum
950 2061 1109 2161 singulis
1131 2062 1236 2139 attri-

86 2197 272 2273 butorum
290 2220 337 2271 ex
354 2221 430 2273 una
447 2199 554 2298 parte
575 2194 614 2270 in
640 2194 822 2296 Catalogo
847 2195 1061 2286 Liberiano,
1090 2221 1136 2274 ex
1161 2197 1238 2274 alia

86 2329 127 2422 ip
151 2329 419 2431 antiquissimo
444 2354 567 2431 graeco
591 2328 743 2406 Eusebii
762 2332 814 2428 (r),
838 2327 1045 2430 reperimus
1063 2329 1102 2405 in
1119 2330 1236 2432 priori

86 2466 188 2543 hanc
214 2490 401 2542 summam
418 2464 630 2567 pertingere
646 2464 693 2541 ad
713 2489 831 2542 annos
852 2469 934 2554 139,
954 2465 994 2540 in
1010 2464 1128 2543 altero
1145 2493 1235 2546 vero

86 2601 133 2677 ad
159 2603 245 2686 130,
270 2600 334 2701 qui
353 2624 531 2676 numerus
549 2622 681 2675 revera
701 2597 900 2674 intercedit
917 2597 1014 2674 inter
1034 2603 1235 2702 utrumque

84 2741 300 2814 extremum
323 2737 537 2813 terminum.
563 2735 653 2812 Inde
670 2736 751 2836 jam
773 2713 1161 2836 praesumptm‘oritur
1190 2743 1234 2815 ut
1336 2831 1338 2838 .

84 2871 235 2946 numeri
253 2872 353 2972 apud
372 2872 576 2949 Eusebium
593 2871 807 2948 accuratius
825 2869 978 2946 indicati
993 2873 1228 2953 censeantur.

83 3004 182 3092 Quae
213 3003 401 3083 conclusio
431 3007 584 3092 omnino
614 3009 717 3083 certa
744 3003 918 3093 efficitur,
950 3005 981 3081 si
1007 3003 1232 3105 singulatim

82 3140 368 3243 perpenduntur
384 3143 599 3220 varietates

133 3329 171 3411 2.
190 3333 263 3408 Hae
281 3339 484 3411 occurrunt
500 3335 688 3436 praecipue
705 3334 745 3408 in
762 3330 1040 3434 pontificatibus
1063 3331 1229 3412 Eraristi

80 3472 116 3545 et
132 3467 355 3558 Alexandri,
376 3473 414 3546 et
430 3469 562 3546 deinde
579 3467 738 3570 Hygini,
758 3466 821 3543 Pii
835 3470 872 3542 et
884 3465 1045 3542 Aniceti.
1065 3511 1112 3522 —-
1126 3467 1149 3543 J
1151 3492 1226 3557 am,

81 3603 181 3704 quod
200 3603 247 3680 ad
265 3605 428 3705 primam
445 3605 592 3694 attinet,
612 3605 675 3682 ubi
701 3602 885 3681 Eusebius
909 3600 1129 3678 Evaristum
1146 3609 1228 3682 octo

80 3761 200 3814 annos
218 3737 356 3816 sedisse
373 3739 526 3830 indicat,
541 3739 800 3816 Alexandrum
813 3738 940 3813 autern
953 3758 1071 3811 annos
1085 3734 1225 3825 decem,

81 3869 289 3973 Catalogus
306 3875 530 3953 Liberianus
548 3898 638 3952 vero
657 3873 832 3952 Erasisto
850 3869 1042 3957 tredecim,
1063 3869 1225 3949 Alexan-

82 4005 149 4083 dro
172 4010 314 4109 septem
333 4034 451 4087 annos
473 4010 659 4099 attribuit,
686 4008 796 4086 facile
813 4007 970 4106 apparet
987 4027 1161 4082 numeros
1179 4008 1225 4084 ab

113 4303 185 4366 (illu
197 4301 321 4357 Historia
331 4305 520 4362 Ecclesiastico
531 4309 637 4362 scilicet
669 4325 750 4376 quern
769 4316 799 4368 in
819 4317 955 4369 chronico
973 4315 1124 4367 tradiderat
1144 4313 1223 4380 (Ibid.

84 4400 218 4466 (append.
236 4416 298 4468 pag.
315 4398 423 4469 84·86›,
441 4409 503 4471 post
518 4408 634 4460 Chroni-
669 4425 732 4476 pag.
745 4405 853 4477 88·84),
866 4411 983 4464 subinde
995 4410 1160 4463 emandavit.

84 4503 136 4543 con
163 4493 320 4559 conscripta
348 4496 375 4548 et
405 4497 453 4548 ubi
481 4497 638 4562 catalogum
