3208 5150
348 459 387 517 82
545 471 617 518 uisa
641 474 671 518 u.
694 473 729 518 ne
751 463 889 520 cemani.
912 472 993 520 emm
1014 471 1165 519 canaram.
1190 470 1291 516 nescu.

396 644 436 714 4⁰
460 638 537 716 Nee
560 637 683 714 minus
707 637 876 715 validum
900 639 1166 740 argumentum
1193 634 1334 737 praebet
1359 631 1505 709 modus

348 771 482 871 agendi
513 771 738 874 Polycratis.
773 775 872 851 Nam
906 777 943 850 et
975 770 1247 875 obtemperavit
1275 769 1429 847 Victori
1465 769 1506 844 in

348 905 588 982 convocanda
615 906 769 1007 synode,
793 911 830 984 et
849 907 940 983 dum
962 906 1144 984 rationem
1171 929 1249 980 suae
1271 903 1506 980 resistentia

349 1037 482 1126 reddit,
502 1036 606 1114 illam
628 1044 781 1116 excusat
801 1039 872 1116 hoe
893 1039 1108 1118 axiomate:
1134 1074 1149 1104 a
1171 1037 1331 1117 Obadire
1348 1040 1507 1139 oportet

349 1175 428 1252 Deo
457 1175 578 1276 magis
607 1199 720 1277 quam
751 1175 975 1253 hominibus.
1008 1213 1024 1242 n
1059 1175 1154 1264 Quae
1183 1174 1299 1250 verba
1327 1171 1505 1275 profecto

349 1315 438 1388 sunt
462 1310 649 1389 inferioris
673 1311 904 1414 superiorem
929 1335 1040 1389 suum
1065 1308 1290 1414 alloquentis
1313 1311 1352 1384 et
1373 1307 1505 1409 ipsius

349 1444 556 1546 legitimam
589 1445 851 1523 auctoritatem
884 1444 1140 1546 agnoscente,
1176 1442 1240 1520 sed
1273 1441 1506 1518 arbitrantis

349 1577 504 1653 eumin
537 1577 718 1680 peculiari
752 1579 914 1681 quodam
947 1603 1037 1656 casu
1066 1599 1261 1680 perperam
1291 1578 1328 1651 et
1360 1579 1506 1652 eontra

348 1711 469 1812 legem
494 1713 564 1790 Dei
589 1713 731 1816 aliquid
750 1714 923 1817 jussisse,
948 1739 993 1792 ae
1018 1713 1173 1816 preinde
1197 1712 1269 1815 ipsi
1293 1711 1333 1787 in
1356 1711 1437 1789 hac
1464 1735 1505 1786 re

348 1847 593 1927 obedientiam
611 1874 684 1926 non
703 1874 782 1926 esse
798 1850 1051 1952 praestandam
1069 1853 1119 1948 (ι).

349 2157 412 2197 nam
430 2144 576 2209 propterea
593 2141 667 2204 quod
679 2141 833 2194 orientales
849 2141 900 2195 ali·
966 2143 995 2208 (ι)
1013 2142 1091 2204 Quod
1102 2144 1193 2195 autem
1205 2145 1313 2210 spectet
1326 2144 1362 2196 ad
1380 2145 1502 2198 conclu-

348 2248 464 2299 quorum
484 2233 608 2284 fidelium
630 2233 761 2298 epistolas
780 2234 901 2299 respuis·
934 2232 1040 2286 sionem
1057 2247 1092 2285 ex
1103 2234 1163 2299 ipso
1175 2235 1228 2286 hoe
1244 2237 1316 2286 laeto
1332 2235 1503 2289 inobedien—

348 2331 419 2392 sent,
435 2330 509 2380 certe
529 2340 584 2378 nou
603 2326 709 2379 diceret
729 2327 900 2392 Epiphanius
933 2327 979 2378 lise
1006 2325 1161 2392 Polycratis
1194 2329 1360 2392 eruendam,
1398 2345 1503 2381 rursus

347 2417 898 2484 OrientalesleeelesiasutiqueiabOcei·
932 2432 993 2470 eam
1020 2418 1221 2470 discutiendam
1255 2419 1429 2472 remittimus
1466 2421 1501 2471 ad

346 2509 501 2562 dentalibus
513 2523 572 2562 esse
584 2507 713 2561 divulsas.
932 2510 1013 2561 finem
1032 2509 1241 2562 Dissertationis
1257 2509 1288 2560 V.
