3132 5140
445 1117 683 1201 CAPUT
724 1115 828 1195 ΙΙΙ.

38 1379 180 1434 ETRUM
214 1376 449 1441 STEPHANUS‚
477 1379 556 1433 DUM
584 1375 763 1432 ERROREM
790 1373 961 1428 CYPRIANI
987 1369 1205 1437 REFUTAvm,

304 1499 383 1553 IPSE
404 1500 440 1554 IN
460 1501 562 1557 Alios
582 1498 750 1556 ERRORES
773 1496 967 1552 INCIDERIT.

93 1978 131 2059 l.
160 1981 210 2057 Id
240 1981 389 2081 jactant
417 1977 569 2080 quidam
600 1976 800 2054 Gallicani.
829 1975 1020 2052 Nimirum
1043 1974 1209 2073 arguunt

48 2115 300 2216 Stephanum
323 2143 330 2187 :
351 2129 383 2191 Ι.
409 2112 516 2200 Quod
540 2111 757 2215 approbarit
780 2135 926 2187 omnem
945 2107 1207 2184 haeretieorum

46 2251 307 2351 baptismum,
328 2273 401 2325 non
424 2248 543 2325 solum
568 2249 709 2325 scilieet
726 2271 856 2324 eurum
874 2245 938 2348 qui
956 2243 1167 2321 institutum
1185 2267 1209 2318 a

52 2383 214 2462 Christo
242 2385 416 2487 baptismi
441 2385 600 2462 formam
623 2389 829 2472 servarent,
856 2383 919 2458 sed
938 2385 975 2458 et
996 2403 1123 2457 eorum
1143 2379 1207 2479 qui

53 2539 136 2590 eam
169 2515 450 2595 adulterabant.
484 2519 527 2594 Id
553 2522 679 2595 autem
708 2515 934 2594 concludunt
963 2539 1008 2590 ex
1038 2513 1206 2614 eoquod

54 2656 278 2756 Stephanus
307 2683 331 2732 u
360 2682 600 2754 quacumque
629 2657 765 2734 baeresz'
798 2654 988 2730 venientes
1020 2651 1205 2754 baptizari

54 2791 227 2867 vetuerit
245 2794 295 2888 (1).

103 2951 179 3028 Sed
204 2950 315 3028 facile
339 2952 387 3030 R.
414 2985 452 3032 a.
476 2954 636 3030 Sensum
666 2953 805 3030 decreti
837 2952 928 3028 satis
960 2950 1204 3028 manifestum

58 3107 136 3159 esse
158 3110 205 3161 ex
226 3089 327 3161 stutu
345 3088 575 3187 quaestionis,
596 3092 780 3188 quaerat
804 3086 1037 3164 solummodo
1064 3086 1109 3163 de
1125 3112 1207 3188 per-

59 3243 149 3297 sona
167 3247 238 3299 seu
256 3222 327 3300 fide
344 3224 518 3301 ministri.
542 3225 615 3303 Sed
633 3230 670 3301 et

105 3395 138 3458 b.
158 3383 321 3462 Rectam
338 3386 513 3487 baptismi
531 3386 693 3462 formam
711 3385 939 3488 postulatam
957 3383 1074 3459 fuisse
1091 3409 1114 3459 a
1129 3384 1207 3460 Ste

63 3517 199 3614 phano,
226 3529 263 3600 et
287 3523 382 3600 sorte
408 3525 593 3627 expressis
623 3525 761 3612 verbis,
796 3523 988 3624 colligitur
1013 3548 1058 3599 ex
1082 3523 1207 3604 verbis

63 3655 275 3740 Firmiliani
294 3692 301 3738 :
321 3699 337 3728 a
356 3665 440 3740 Non
458 3668 592 3766 putant
610 3663 853 3765 quaerendum
872 3687 952 3740 esse
975 3661 1058 3762 quis
1077 3659 1140 3736 ille
1158 3661 1209 3738 sit

68 3794 164 3891 *qui
189 3797 450 3898 baptizaverit,
470 3799 627 3900 eoquod
655 3799 718 3899 qui
742 3797 951 3898 baptizatus
975 3796 1024 3872 sit
1045 3794 1207 3895 gratiam

71 3956 84 3978 a
105 3931 278 4030 consequi
303 3933 439 4033 poterit
462 3935 637 4011 invocata
664 3934 835 4010 trinitate
860 3931 1055 4008 nominum
1079 3929 1207 4006 Patris

75 4087 87 4107 ³
107 4061 141 4134 et
157 4061 247 4138 Filii
271 4066 308 4139 et
332 4064 494 4166 Spiritus
519 4067 646 4143 Sancti
669 4068 744 4163 »(2)
763 4070 865 4143 etex
884 4064 969 4142 aliis
987 4061 1099 4164 paulo
1117 4063 1208 4141 infe

101 4357 128 4415 l¹)
140 4359 219 4425 prr.
230 4362 317 4425 Epist.
330 4364 364 4416 ad
377 4363 548 4429 Pompeium,
559 4368 610 4417 nl
677 4366 708 4429 (π)
726 4365 816 4428 Epist.
835 4364 870 4414 ad
890 4364 971 4428 Gypr.
993 4377 1018 4413 n.
1038 4365 1053 4412 9
1072 4356 1207 4423 (Append.

78 4443 202 4514 llppend,
217 4471 281 4522 pag.
295 4453 352 4522 60).
655 4475 717 4526 pag.
731 4455 786 4512 68t.
