3208 5150
376 419 414 476 bb
570 437 642 483 mse.
664 437 693 483 ΙΙ.
718 439 753 483 llll
773 437 912 486 comant.
935 441 1015 488 cruce
1036 441 1188 488 cenenum.
1212 441 1310 489 casca.

425 606 489 691 10.
517 615 557 687 2⁰
590 611 634 687 Id
669 609 792 712 ipsum
830 613 1026 716 perspicue
1060 617 1220 691 testatur
1257 613 1516 702 Erreunmus

375 746 437 822 ubi
472 745 585 823 refert
619 747 913 825 controversiam
950 749 996 825 de
1029 749 1275 827 celebratione
1314 748 1517 826 Paschatis

374 882 535 959 maxime
557 881 736 958 ferbuisse
757 919 773 948 a
794 882 957 960 Victoris
977 887 1100 974 aetate,
1124 909 1209 962 cum
1234 882 1449 962 Orientales
1472 883 1517 958 ab

376 1051 391 1078 n
414 1014 713 1093 Occidentalibus
729 1015 868 1104 divulsi
887 1017 1061 1118 pacificas
1082 1043 1106 1096 a
1127 1043 1166 1095 se
1191 1017 1352 1094 invicem
1368 1001 1525 1095 litteras

376 1187 392 1217 n
414 1149 537 1227 nullas
562 1150 773 1254 acciperent
805 1187 821 1218 n
849 1154 902 1250 (1).
937 1151 986 1228 Et
1018 1151 1140 1252 magis
1173 1151 1367 1253 perspicue
1402 1152 1516 1229 etiam

373 1283 568 1362 Socnnrns
590 1313 596 1359 :
621 1321 637 1348 a
659 1284 791 1362 Victor
815 1286 999 1364 Romanae
1022 1286 1126 1362 urbis
1150 1287 1358 1390 episcopus,
1385 1288 1516 1364 immo

374 1455 390 1484 e
412 1419 494 1495 dico
511 1415 716 1496 iracundiae
734 1445 933 1497 succensus
952 1426 1061 1510 aestn,
1078 1421 1432 1509 Quartodecimanis
1452 1421 1514 1523 qui

373 1590 388 1620 n
410 1553 447 1630 in
469 1553 562 1630 Asia
578 1558 687 1631 erant
702 1555 1096 1634 excommunicationis
1114 1553 1405 1634 libellummisit
1422 1592 1438 1620 n
1461 1559 1509 1654 (a).

420 1741 476 1824 ll.
500 1750 540 1822 3⁰
562 1744 612 1821 Et
623 1745 877 1822 ,confirmatur
897 1771 944 1822 ex
964 1771 1006 1824 eo
1031 1747 1129 1849 quod
1148 1746 1279 1824 Victor
1299 1746 1382 1847 jam
1400 1751 1513 1823 antea

368 1881 480 1957 minis
501 1905 591 1956 usus
608 1883 701 1968 erat,
719 1885 761 1956 ut
774 1880 933 1958 habetur
950 1907 996 1959 ex
1012 1881 1169 1985 epistola
1186 1879 1404 1983 Polycratis
1419 1881 1484 1984 qui
1501 1910 1507 1955 :

372 2050 387 2079 a
410 2013 516 2090 Nihil
529 2038 682 2090 moveor
699 2013 774 2112 (ait)
792 2014 839 2092 iis
853 2041 937 2117 quae
955 2016 1059 2094 nobis
1076 2017 1122 2094 ad
1137 2015 1373 2093 formidinem
1388 2013 1508 2093 inten-

369 2183 385 2214 π
407 2153 538 2226 tantur
564 2186 579 2215 n
606 2151 656 2248 (a).
681 2150 769 2226 Jam
790 2174 880 2227 vero
906 2149 973 2228 illa
993 2151 1149 2253 epistola
1172 2150 1386 2253 Polycratis
1411 2153 1508 2253 ejus-

342 2284 465 2360 modi
486 2289 568 2361 erat
583 2287 639 2373 ut,
659 2283 867 2386 praesertim
887 2289 971 2387 post
988 2284 1108 2362 minas
1126 2284 1269 2386 pridem
1287 2285 1505 2372 intentatas,

365 2421 496 2498 Victor
513 2419 663 2497 omnino
681 2417 837 2495 excitari
856 2418 1026 2498 debuerit
1042 2421 1088 2498 ad
1107 2445 1234 2499 severe
1251 2445 1337 2497 cum
1353 2422 1507 2500 Asianis

363 2555 561 2656 agendum.
595 2553 743 2630 Etenim
770 2553 989 2655 Polycrates
1016 2579 1091 2632 non
1117 2556 1238 2634 solum
1268 2556 1390 2632 minas
1422 2556 1506 2633 illas

362 2692 517 2794 sprevit,
533 2691 597 2766 sed
613 2695 651 2767 et
666 2690 845 2766 audacter
862 2689 1067 2768 affirmavit
1087 2721 1094 2766 :
1116 2729 1131 2757 a
1153 2692 1188 2768 N
1191 2716 1292 2768 os...
1309 2717 1445 2769 verum
1463 2715 1506 2769 ac

365 2861 380 2890 a
402 2824 606 2926 genuinum
628 2823 776 2923 agimus
798 2824 897 2900 diem
924 2861 940 2890 a
962 2827 1012 2924 (i).
1040 2815 1090 2902 Et
1112 2823 1226 2927 paulo
1251 2825 1351 2902 infra
1375 2856 1382 2900 :
1411 2865 1427 2892 a
1454 2825 1504 2901 Hi

365 2999 381 3024 a
402 2985 530 3038 omnes
548 2960 647 3036 diem
664 2959 824 3036 Paschae
842 2960 1123 3062 quartadecima
1139 2959 1231 3036 luna
1248 2960 1360 3061 juxta
1378 2960 1503 3037 Evan-

365 3131 381 3159 η
402 3093 541 3195 gelium
559 3094 806 3170 observarunt
827 3124 834 3170 :
856 3093 951 3170 nihil
973 3095 1123 3172 omnino
1141 3082 1343 3184 variantes¹
1363 3096 1429 3172 sed
1449 3121 1502 3171 re-

364 3266 379 3292 v
400 3229 529 3330 gulam
547 3228 633 3312 fidei
651 3231 864 3305 constanter
881 3233 1088 3332 sequentes.
1112 3265 1128 3294 a
1145 3231 1200 3305 Ac
1218 3229 1376 3331 denique
1394 3255 1502 3308 suam

360 3363 611 3441 resistentiam
634 3363 821 3440 mandatis
839 3364 1005 3440 Victoris
1028 3367 1182 3440 excusat
1199 3363 1387 3440 afferendo
1408 3363 1501 3440 illud

359 3496 612 3601 apostolorum
634 3529 640 3574 :
666 3533 681 3564 α
703 3498 862 3577 Obedire
883 3502 1029 3601 oportet
1051 3499 1128 3576 Deo
1150 3499 1271 3600 magis
1297 3522 1412 3600 quam
1437 3499 1500 3574 ho-

359 3637 521 3714 minibus
548 3671 564 3702 n
586 3639 635 3734 (a).
658 3635 716 3712 Ex
734 3636 792 3712 his
818 3636 935 3737 igitur
952 3634 1173 3713 concludere
1195 3635 1350 3712 debebat
1366 3635 1502 3712 Victor

389 3917 419 3978 (ι)
431 3913 556 3980 append.
569 3926 632 3978 pag.
642 3907 676 3964 12
687 3915 755 3965 extr.
940 3915 1007 3967 levis
1020 3917 1070 3966 est.
1083 3915 1179 3977 Neque
1196 3911 1268 3964 enim
1284 3915 1434 3965 accusatur
1450 3912 1497 3966 So·

389 4007 419 4066 (a)
436 4001 505 4054 Ibid.
523 4013 585 4066 pag.
602 3994 638 4052 14
649 4000 709 4052 lnit.
726 4025 759 4037 —-
776 4000 818 4052 Ad
831 4001 906 4052 testi-
941 4005 1031 4053 crates
1044 4001 1115 4064 quod
1127 4001 1155 4051 in
1168 3999 1235 4066 ipsis
1251 3999 1331 4052 sactis
1348 4001 1499 4054 referendis

356 4092 479 4144 monium
496 4088 618 4140 Socratis
636 4076 744 4154 reponit
760 4091 823 4142 Nat.
842 4089 905 4142 Ale-
938 4091 1003 4142 date
1014 4103 1099 4155 opera
1113 4089 1243 4142 mentitus
1259 4089 1338 4141 ettad
1354 4091 1498 4142 favendum

355 4179 460 4232 aendor
470 4175 521 4237 illi,
539 4178 633 4242 utpote
645 4178 673 4228 in
685 4178 710 4228 N
712 4179 854 4230 ovationes
866 4178 907 4230 ni·
941 4179 1110 4237 Nepotianis.

355 4276 407 4329 mis
418 4288 564 4341 propenso,
574 4287 628 4325 non
638 4273 754 4325 multum
765 4275 906 4328 fidendum
971 4276 1001 4340 (a)
1012 4276 1136 4343 Append.
1150 4291 1177 4342 p.
1190 4272 1205 4331 t
1216 4279 1284 4329 extr.

354 4379 415 4419 esse
426 4365 456 4416 in
468 4365 502 4414 iis
514 4377 574 4427 quae
584 4364 710 4428 spectant
720 4363 754 4414 od
766 4363 908 4416 Romanos
974 4367 1003 4430 (r)
1016 4365 1085 4418 lbid.
1100 4366 1161 4417 init.

355 4460 511 4513 Pontifices.
525 4458 578 4510 Sed
590 4458 648 4509 haec
664 4460 808 4524 responsio
825 4459 907 4510 nimie
973 4459 1004 4524 (a)
1016 4461 1086 4512 lbid.
1100 4461 1169 4511 extr.
