3154 5134
293 447 351 508 508
582 414 667 506 =mss.
690 457 739 504 vn.
763 455 799 503 ue
820 453 999 504 cunononun
1021 451 1070 504 nn.
1092 453 1137 502 rr.

291 627 449 704 eruditis
479 625 648 726 rejicitur
676 628 870 725 tamquam
909 623 1021 699 nimis
1049 621 1217 723 gratuito
1250 617 1443 720 excogita·

292 766 386 839 tum.
408 761 459 838 Et
476 759 639 861 quidem,
658 762 702 835 ut
719 783 807 834 mox
823 757 1031 860 apparebit,
1051 757 1099 834 ad
1117 781 1271 858 scopum
1289 758 1338 834 ab
1359 757 1444 858 ejus

292 897 507 976 auctoribus
540 896 727 973 intentum
761 895 912 971 omnino
946 894 1080 970 inutile
1113 898 1186 982 est,
1223 897 1260 970 et
1293 917 1341 969 ex
1371 891 1445 969 hoc

294 1031 372 1109 solo
402 1033 624 1132 argumento
655 1028 746 1106 satis
777 1029 928 1108 videtur
961 1028 1148 1106 confutari
1179 1029 1291 1131 quod,
1324 1053 1445 1131 quum

293 1165 377 1243 idco
401 1165 590 1268 praecipue
611 1165 845 1267 propositum
867 1163 917 1241 sit
939 1168 982 1241 ut
1004 1165 1111 1242 salva
1129 1169 1297 1242 maneret
1314 1169 1445 1242 aucto·

294 1303 386 1380 ritas
411 1300 585 1402 Oetalogi
609 1299 815 1389 Liberiani,
842 1298 930 1376 huic
954 1299 1174 1378 documento
1192 1306 1319 1379 tamen
1337 1326 1447 1404 aper-

293 1437 437 1516 tissime
466 1435 702 1524 contradicit,
731 1436 868 1538 quippe
893 1437 1001 1537 cujus
1028 1441 1160 1514 auctor
1185 1439 1384 1516 exordium
1408 1443 1448 1515 et

294 1572 407 1648 finem
425 1570 661 1672 singulorum
678 1571 967 1672 pontificatuum
985 1593 1053 1672 per
1070 1571 1223 1650 nomina
1244 1572 1445 1650 consulum

295 1707 433 1784 diserte
457 1707 633 1796 notando,
661 1707 858 1782 manifeste
883 1704 1006 1783 solum
1029 1711 1176 1810 tempus
1202 1733 1276 1810 quo
1300 1709 1445 1811 singuli

295 1838 499 1918 Pontifices
517 1837 587 1916 soli
604 1837 780 1914 sederunt
797 1863 821 1915 a
838 1863 878 1914 se
894 1839 1053 1916 indicari
1072 1841 1257 1943 significet
1274 1847 1285 1943 (
1301 1845 1325 1942 ).

349 2016 410 2100 10.
427 2017 502 2115 ΙΙΠο
523 2016 650 2117 itaque
673 2015 856 2117 neglecto,
877 2016 1108 2096 Clementem
1130 2024 1256 2118 tamen
1275 2023 1448 2124 primum

296 2181 361 2233 seu
374 2151 634 2231 immediatum
648 2151 755 2228 Petri
768 2176 1021 2230 successorem
1033 2154 1232 2232 dicendum
1251 2181 1346 2247 esse,
1359 2159 1450 2259 post

296 2295 390 2372 alios
404 2291 586 2416 quosdam
600 2313 727 2366 recens
745 2290 869 2368 adhuc
882 2291 1048 2370 defendit
1062 2293 1122 2371 Ill.
1141 2295 1187 2372 D.
1210 2295 1371 2373 Hnrnnn
1387 2299 1446 2396 (a),

297 2433 387 2510 solis
405 2430 639 2533 argumentis
657 2455 703 2506 ex
720 2429 822 2542 illius
841 2429 999 2532 epistola
1016 2431 1064 2508 ad
1084 2432 1303 2512 Corinthios
1320 2433 1451 2536 prima

296 2569 514 2670 desumptis.
547 2566 760 2642 Advertunt
790 2564 931 2642 seilicet
959 2565 999 2641 in
1028 2567 1161 2668 primis
1190 2572 1365 2646 constare
1400 2595 1449 2646 ex

296 2701 409 2804 hujus
439 2698 608 2801 epistolae
642 2721 723 2800 cap.
765 2703 780 2772 l
819 2699 856 2796 (a)
891 2721 976 2774 eam
1010 2699 1190 2800 scriptam
1224 2725 1305 2777 esse
1339 2702 1449 2779 brevi

296 2840 381 2940 post
409 2834 704 2938 persecutionem
738 2831 919 2933 aliquam,
947 2856 1103 2934 eamque
1133 2835 1447 2936 persecutionem,

295 2975 338 3049 ut
355 2970 550 3048 manifeste
566 2972 737 3071 apparet,
752 2967 814 3044 vel
833 2968 994 3046 Neronis
1012 2968 1127 3047 fuisse
1140 2971 1202 3047 vel
1220 2971 1446 3049 Domitiani.

329 3313 358 3377 (1)
367 3309 430 3360 Non
439 3317 571 3370 negamus
580 3300 691 3367 quidem
704 3304 851 3355 admodum
885 3317 948 3355 nem
964 3305 1021 3357 ΡΡ.
1039 3307 1261 3371 Apostolicorum
1277 3306 1318 3370 (P.
1337 3307 1370 3358 G.
1388 3307 1410 3358 t.
1425 3307 1449 3357 l.

297 3397 469 3469 prohabilem
489 3409 550 3445 esse
569 3394 734 3446 sententiam
757 3407 853 3446 eorum
887 3408 933 3460 pp.
946 3397 1002 3459 195,
1016 3397 1081 3462 196),
1094 3397 1152 3461 ubi,
1165 3398 1237 3449 sicut
1248 3399 1275 3449 et
1286 3397 1452 3448 distinctius

297 3493 345 3557 qui
366 3489 467 3540 Linum
489 3487 517 3537 et
544 3485 713 3536 Clementem
736 3487 763 3536 et
786 3486 856 3557 torte
889 3499 932 3550 ap.
955 3485 1133 3540 Cornnsnruu
1153 3489 1233 3552 (ibid.
1252 3504 1279 3555 p.
1297 3490 1338 3541 78.
1360 3501 1387 3539 n.
1411 3491 1450 3550 5i,

297 3584 368 3636 alios
384 3577 507 3631 subinde
519 3577 555 3626 iis
571 3575 669 3641 primis
685 3575 854 3640 temporibus
887 3576 1045 3628 indicentur
1056 3578 1139 3628 variae
1153 3577 1323 3629 eruditorum
1334 3578 1451 3628 senten·

298 3673 442 3740 episcopos
466 3665 609 3718 ordinatos
636 3667 664 3716 et
686 3665 856 3731 episcopalia
888 3667 932 3718 tie
948 3667 1024 3719 circa
1044 3669 1151 3733 tempus
1171 3683 1225 3732 quo
1244 3668 1395 3720 Clementis
1414 3669 1451 3719 ad

298 3773 414 3815 munera
440 3757 537 3808 Romae
565 3756 721 3808 exercuisse
749 3756 855 3808 virente
888 3756 1046 3808 Corinthios
1063 3757 1152 3822 Epist.
1175 3758 1197 3809 1.
1215 3759 1375 3824 conscripta
1395 3757 1450 3812 est.

298 3850 608 3920 edhucpraedecessore
627 3861 677 3898 suo
695 3849 853 3913 opinantur,
921 3853 953 3908 (a)
981 3849 1064 3912 cinus
1090 3850 1234 3901 exordium
1261 3851 1300 3903 ite
1327 3853 1415 3904 babet
1444 3869 1451 3904 :

298 3945 347 3998 sed
367 3941 436 3993 illud
453 3937 574 4004 gratuito
592 3938 619 3988 et
635 3937 857 4002 improbabiliter
891 3960 904 3980 α
918 3939 1038 4002 Propter
1065 3939 1170 3990 subitas
1185 3939 1225 3991 'ec
1254 3939 1308 3990 sihi
1329 3941 1451 3995 invicem

299 4035 402 4094 dictum
417 4027 615 4088 existimamus,
627 4027 736 4092 tempus
748 4027 854 4080 scilicet
889 4051 901 4072 n
915 4029 1093 4080 succedentes
1118 4029 1290 4080 calamitates
1312 4032 1340 4082 at
1367 4045 1453 4084 casus

299 4138 353 4190 quo
369 4120 455 4173 alium
470 4115 629 4168 Romanum
645 4116 812 4168 Pontificem
827 4117 856 4168 in
890 4139 903 4160 w
917 4119 1045 4168 adversos
1058 4117 1104 4180 qui
1117 4118 1196 4169 nobis
1210 4119 1382 4183 acciderunt,
1395 4125 1454 4174 tar-

298 4209 430 4266 exercitio
442 4207 525 4270 hujus
540 4205 662 4255 muneris
677 4207 851 4270 adjuverunt,
887 4229 899 4250 n
913 4208 985 4270 dius,
1002 4209 1111 4270 fratres,
1135 4209 1319 4272 nosmetipsos
1335 4223 1454 4264 conver-

297 4303 372 4353 intra
381 4296 492 4347 illorum
504 4291 702 4345 Pontificatum
714 4297 855 4360 computa·
890 4318 902 4339 n
916 4296 983 4347 iisse
992 4295 1168 4361 agnoscimus
1178 4297 1213 4348 ad
1224 4310 1257 4348 ea
1266 4311 1328 4361 quae
1337 4299 1456 4354 suerunt

298 4396 358 4447 tum
370 4389 464 4442 nnsse.
891 4409 903 4431 n
917 4386 1149 4450 quaesiteevobis
1162 4408 1173 4429 v·
1187 4385 1268 4453 (ibid.
1281 4403 1309 4453 p.
1322 4391 1394 4458 206).

332 4485 362 4548 (a)
379 4479 413 4530 In
430 4473 591 4542 praefatione
611 4474 645 4525 ed
663 4489 742 4528 suem
759 4475 856 4528 editio·
