3150 5150
470 1289 642 1396 INDEX
672 1285 926 1388 CAPITUM.

634 1598 741 1614 aun-⁶¹·-

118 1866 402 1922 mssntn'rn'rlo
414 1866 437 1917 1.
451 1864 535 1914 -De
548 1862 675 1913 Romano
691 1860 718 1912 S.
738 1859 814 1910 Patri
832 1858 1000 1923 episcopatu.
1223 1789 1269 1851 Μ’

191 1967 361 2019 Prooemium
400 1997 1186 2017 ...................
1257 1971 1267 2018 1

159 2079 280 2132 CAPUT
300 2078 322 2129 1.
340 2106 372 2114 -
393 2078 493 2128 Utrum
514 2075 541 2126 S.
564 2073 665 2125 Petrus
685 2072 780 2124 Romae
800 2071 973 2137 evangelium
993 2075 1191 2140 praedicaverit,

225 2181 338 2243 ejusque
356 2177 433 2229 urbia
449 2176 639 2242 episcopatum
656 2172 775 2238 gesserit
787 2185 873 2234 usque
885 2173 919 2222 ad
932 2175 1047 2224 mortem
1060 2189 1147 2226 anam.
1183 2215 1188 2226 .
1257 2183 1272 2228 7

193 2282 262 2332 Arar.
273 2279 295 2330 1.
309 2277 523 2344 -Argumanta
535 2274 679 2327 oetentiae
691 2273 856 2324 affirmantia
882 2311 1189 2328 ,,,,,,,,
1258 2306 1270 2324 .,

192 2385 261 2434 Arar.
280 2381 317 2434 ΙΙ.
335 2380 420 2432 —De
439 2377 612 2445 argumentis
629 2375 772 2427 sententiae
794 2374 921 2439 negantis
938 2389 954 2424 a
970 2374 1192 2430 Proteetnntibua

226 2481 427 2546 antiquioribus
440 2479 554 2546 prolatis
579 2511 1189 2531 ...............
1243 2487 1274 2534 12

171 2585 259 2660 ¹Aur.
273 2581 420 2634 lli-De
432 2582 579 2646 systemate
591 2576 830 2629 rationalistarum
843 2575 1061 2626 recentiorum.
1098 2615 1103 2626 .
1141 2617 1146 2628 .
1183 2619 1189 2629 .
1241 2584 1272 2632 22

159 2692 805 2758 CAPUTIi.-QuamdiuPetrusRomanum
817 2689 1146 2754 Pontificatumgeaserit.
1184 2731 1190 2742 .
1242 2697 1274 2745 29

192 2802 261 2853 Aer.
275 2799 393 2854 1.-De
405 2798 576 2865 argumentis
588 2797 685 2862 primae
696 2794 840 2846 sententiae
853 2794 895 2856 (25
908 2798 983 2852 ann.)
1012 2832 1018 2843 ,
1055 2834 1061 2844 .
1099 2834 1104 2845 ,
1141 2835 1147 2846 ,
1184 2837 1189 2847 ,
1242 2799 1274 2848 30

192 2903 262 2952 Arar.
281 2901 316 2951 11.
337 2929 369 2937 -
392 2899 432 2950 De
453 2897 625 2964 argumentis
644 2896 772 2948 secundae
793 2894 945 2953 sententia,
966 2908 1026 2958 quae
1049 2897 1191 2950 duodecim

225 3018 313 3057 annos
324 3005 430 3055 tantum
442 3003 467 3053 ei
480 3001 660 3054 Pontificatui
673 2999 801 3051 attribuit
835 3035 1190 3054 .........
1242 3008 1273 3056 32

192 3109 262 3158 Aur.
275 3105 325 3157 ΙΙΙ.
338 3105 419 3156 —De
432 3104 603 3170 argumentis
619 3102 708 3153 tertiae
720 3101 872 3164 sententiae,
885 3115 945 3163 quaa
957 3100 1070 3152 Petrum
1082 3103 1193 3166 quinde-

224 3208 278 3258 cim
289 3207 399 3259 circiter
409 3220 497 3258 annos
509 3205 665 3257 Romanam
677 3203 771 3254 aedem
783 3203 904 3254 tenuise
923 3204 1020 3254 statuit
1055 3243 1060 3254 .
1097 3241 1104 3256 .
1141 3246 1147 3257 .
1184 3247 1190 3257 .
1241 3211 1273 3259 4ο

191 3310 260 3360 Aur.
275 3307 320 3359 IV.
332 3336 364 3345 -
373 3307 413 3360 Do
424 3307 594 3373 argumentis
607 3305 714 3370 quarto
726 3304 952 3367 sententiaque
964 3303 1077 3356 Petrum
1089 3320 1192 3371 paucos

224 3413 331 3462 tantum
343 3423 431 3462 annos
446 3409 488 3461 vel
504 3421 613 3461 mansee
629 3408 726 3460 Romae
738 3408 938 3458 commoratum
951 3418 1012 3458 esee
1023 3408 1063 3458 ait
1097 3443 1104 3458 .
1140 3445 1147 3460 .
1184 3448 1190 3460 .
1242 3414 1273 3462 42

161 3523 281 3574 ΟΑΡΗΤ
293 3523 342 3574 ΙΙΙ.
356 3550 387 3560 -
398 3523 498 3574 Utrum
509 3522 610 3574 Petrus
622 3521 697 3573 aolus
709 3533 745 3572 an
756 3519 839 3570 simul
851 3532 914 3570 eum
927 3531 959 3570 en
971 3519 1076 3570 Paulus
1088 3521 1190 3574 Roma·

194 3637 257 3674 nam
268 3623 413 3676 ecelesiam
426 3624 527 3676 rexerit
529 3661 1188 3678 ................
1240 3631 1270 3680 44

128 3778 403 3840 nlssnn'rn'no
415 3780 456 3830 11.
470 3778 554 3830 -De
566 3776 755 3831 controversia
767 3777 842 3828 eirea
849 3776 1061 3829 celebrationem
1075 3779 1192 3833 Pascha·

225 3879 261 3928 tia
273 3877 352 3944 (extr.
366 3891 421 3930 aec.
435 3876 487 3944 ΙΙ).

192 3977 362 4029 Prooemium
401 4015 1189 4035 ...................
1239 3993 1272 4039 49

162 4095 281 4146 CAPUT
291 4095 314 4146 I.
326 4123 358 4134 -
371 4095 502 4156 Quaenam
514 4095 542 4145 in
555 4097 607 4146 hae
624 4096 814 4147 controversia
829 4095 858 4146 in
872 4095 1098 4160 disceptationem
1116 4115 1192 4154 voea-

194 4197 290 4247 rentur
316 4231 1189 4255 .....................
1241 4209 1273 4258 53

162 4307 281 4359 CAPUT
291 4307 326 4359 ΙΙ.
339 4335 369 4344 -
379 4307 419 4360 De
427 4309 624 4360 controversiis
636 4322 697 4372 quae
708 4312 771 4360 ante
784 4312 909 4375 tempora
920 4311 1038 4364 Victoris
1046 4315 1120 4384 cira
1132 4333 1192 4370 eam

195 4411 375 4472 questionem
386 4411 511 4462 excitatae
523 4413 597 4476 eunt,
610 4413 637 4462 et
651 4413 743 4463 utrum
755 4411 850 4465 Victor
861 4415 1009 4478 prudentor
1021 4407 1109 4482 eger!
1120 4419 1148 4471 in
1161 4434 1192 4470 ea

195 4511 346 4564 decidenda
359 4549 1189 4573 ....................
1241 4525 1272 4574 59
