3180 5134
325 463 363 518 26
809 468 928 514 aarum.
950 459 989 510 D.

371 650 410 715 2.
433 678 447 699 a
463 655 496 709 S.
508 649 658 722 Hippolyti
671 661 756 720 papa
769 646 894 704 Romani
907 646 938 701 in
950 644 1024 701 illud
1040 667 1053 690 n
1069 645 1158 700 Prov.
1174 642 1223 698 ix.
1243 641 1267 695 l.
1283 637 1322 712 (i)

372 777 412 841 3.
435 806 449 828 a
465 780 616 851 Hippolyti
626 778 755 849 episcopi
769 779 871 833 Mmoe
884 775 920 830 de
933 773 1066 830 Ezechia
1080 797 1093 820 κ
1106 770 1141 844 (ι)

369 907 411 971 4.
435 937 448 958 κ
464 909 647 968 sanctissimi
660 906 811 978 Hippolyti
827 908 928 962 Romae
944 904 1082 975 episcopi.
1100 928 1114 950 n
1136 902 1171 973 (a)

369 1036 411 1101 5.
434 1065 447 1087 u
464 1038 614 1111 Hippolyti
635 1038 765 1109 episcopi
785 1039 887 1094 Romae
906 1035 1034 1093 Danielis
1052 1034 1084 1092 et
1102 1033 1379 1091 Nabuchodonosor
1399 1031 1489 1088 visio-

324 1161 396 1203 num
409 1147 572 1204 solutiones
584 1144 739 1201 ambarum
753 1143 853 1200 simui.
870 1168 883 1190 η
898 1140 934 1213 (a)

370 1265 410 1330 6.
435 1293 449 1316 υ
465 1267 616 1338 Hippolyti
629 1268 730 1323 Roma
743 1265 882 1335 episcopi.
900 1289 913 1310 ι·
929 1261 966 1335 (5)

370 1391 410 1454 ’7.
435 1423 448 1444 a
464 1396 616 1468 Hippolyti
632 1394 761 1465 episcopi
777 1393 910 1450 Romani.
929 1417 942 1438 n
957 1392 993 1462 (o)

406 1609 453 1674 v.
476 1602 534 1671 lix
555 1600 791 1686 inscriptione
813 1599 940 1667 statua
963 1613 1172 1667 marmoree
1194 1559 1402 1684 Hlppolytl.

369 1840 403 1903 1.
429 1840 549 1896 Titulus
571 1839 683 1894 tabutoe
700 1839 890 1892 dacinuuum
912 1839 1110 1904 quartarum.
1134 1859 1147 1881 u
1168 1838 1251 1892 Anno
1276 1839 1297 1894 i.
1321 1839 1483 1908 regiminis

322 1944 483 2002 Alexandri
498 1943 687 2012 imperatoris
700 1941 779 1996 sacia
791 1941 837 1995 est
856 1941 921 1995 xiv
935 1939 1057 1995 Pasclioe
1071 1940 1168 1996 idibus
1187 1942 1337 2011 Aprilibus
1349 1944 1482 2000 sabbato

321 2055 390 2096 eum
400 2039 510 2094 mensis
523 2037 725 2093 embolimaeus
735 2035 848 2090 lasset.
865 2035 929 2090 Erit
938 2035 1128 2105 sequentibus
1141 2037 1226 2093 annis
1239 2038 1317 2094 sicut
1327 2039 1359 2095 in
1374 2041 1480 2096 tabula

321 2139 489 2211 subiectum
508 2136 564 2193 est.
587 2135 692 2189 Evenit
705 2133 818 2188 veroin
833 2132 994 2202 praeteritis
1006 2133 1085 2188 sicut
1097 2132 1259 2190 indicatum
1275 2135 1331 2190 est.
1352 2136 1479 2192 Solvere

321 2237 423 2294 autem
440 2233 559 2304 oportet
569 2231 716 2302 Jejunium
734 2229 783 2285 ubi
799 2230 950 2285 Dominioa
965 2228 1112 2286 inciderit.
1133 2255 1146 2276 n
1164 2231 1200 2301 (n)

366 2349 406 2414 Β.
436 2355 557 2412 Titulus
577 2355 688 2410 tohuloe
706 2351 947 2408 Dominicurum
964 2349 1181 2406 Paschala'um.
1203 2375 1217 2396 a
1245 2355 1327 2408 Anno
1349 2355 1477 2411 Alexan·

320 2460 367 2516 dri
381 2459 507 2516 caeseris
520 2458 617 2528 primo
630 2456 758 2521 initium,
774 2455 933 2511 Dominicae
947 2455 1105 2511 paschales
1124 2456 1288 2512 secundum
1300 2471 1415 2528 annos;
1429 2459 1478 2514 ad·
1572 2513 1573 2524 ,

320 2556 494 2627 punctiones
507 2567 580 2608 vero
590 2552 750 2608 ostendunt
763 2551 941 2608 Bissextum.
958 2577 971 2598 n
986 2551 1024 2624 (s)

365 2670 405 2734 3.
424 2675 590 2746 Cototopm
605 2689 732 2744 opetum
742 2673 919 2744 Hippolyti.
941 2698 954 2720 a
1043 2675 1475 2747 1orc...u1nc(o)[ini³s]ai-

319 2795 432 2838 mos-
448 2783 488 2836 Do
510 2779 685 2852 pytnonissa
699 2809 735 2819 -
749 2782 790 2834 De
812 2781 973 2850 Evangelio
993 2780 1155 2836 secundum
1177 2781 1320 2836 ioannem
1343 2782 1377 2837 et
1400 2785 1475 2853 Apo·
1571 2815 1572 2853 y

319 2879 430 2948 calypsi
448 2909 484 2918 -·
503 2880 543 2934 De
565 2875 798 2933 Charismatibus
817 2875 986 2946 apostolica
1004 2875 1178 2932 traditio-
1198 2875 1365 2934 chronicon
1380 2909 1417 2919 -
1432 2879 1473 2936 nd

319 2981 438 3033 Grecos
460 2976 491 3032 et
516 2977 547 3031 in
570 2975 723 3030 Platonem
746 2975 794 3029 vel
807 2974 903 3029 etiam
922 2973 959 3029 de
977 2973 1057 3029 omui
1078 2975 1178 3050 (ΠΕΡΙ
1200 2981 1277 3034 ΤΟΥ
1303 2979 1475 3046 nAN'roc)

321 3113 352 3122 -
372 3080 601 3137 Exhortatorius
620 3079 658 3134 ad
675 3079 846 3135 severinam
865 3109 899 3118 -
920 3077 1138 3134 Demonstratio
1156 3079 1324 3148 temporum
1348 3079 1473 3136 Pascha
1570 3081 1571 3168 l

318 3176 568 3248 quemadmodum
588 3177 617 3232 in
638 3176 739 3232 tabula
760 3207 793 3216 -
813 3175 882 3232 Odee
900 3177 929 3231 in
956 3190 1058 3232 omnes
1072 3174 1241 3245 Scripturas
1266 3206 1300 3216 -
1315 3179 1357 3232 De
1372 3179 1433 3233 Deo
1444 3177 1473 3231 et

319 3275 419 3333 carnis
433 3275 651 3331 resurrectione
660 3305 696 3314 -
710 3270 751 3330 De
761 3275 837 3330 bono
850 3276 880 3331 et
893 3275 971 3331 unde
985 3275 1106 3331 malum.
1124 3301 1137 3322 n
1153 3271 1203 3346 (io)

463 3451 533 3517 v1.
559 3447 612 3516 llo
634 3447 846 3531 qmbusdam
868 3447 1063 3536 Hippolyto
1085 3448 1320 3535 homonymis.

422 3639 473 3690 Hx
489 3637 596 3690 variis
613 3635 829 3701 scriptoribus
846 3641 879 3690 et
896 3637 1107 3690 monumentis
1124 3635 1369 3690 acclamatus.

363 3814 397 3877 1.
423 3822 573 3876 Husssius
594 3819 804 3876 cassinensis
824 3820 860 3874 H.
879 3821 910 3876 H.
932 3821 979 3876 Vi.
994 3819 1040 3873 46.
1057 3839 1071 3863 u
1089 3817 1228 3888 Sequitur
1250 3816 1356 3874 deiude
1373 3817 1470 3874 altera

342 4034 441 4091 (ilibid.
456 4045 480 4092 p.
490 4037 541 4080 626.
931 4039 959 4092 (τ)
969 4038 998 4083 P.
1009 4038 1039 4084 G.
1052 4039 1112 4084 tx.
1125 4049 1150 4094 p.
1159 4039 1209 4082 875.

341 4121 369 4175 (a)
380 4118 446 4164 ibid.
459 4131 483 4174 p.
496 4121 546 4163 630.
933 4123 960 4174 (ε)
972 4119 1037 4166 Ibid.
1047 4132 1072 4177 p.
1085 4123 1136 4165 879.

287 4255 289 4260 Ι
341 4201 369 4255 (a)
381 4199 445 4245 ibid.
458 4210 484 4255 p.
496 4201 548 4243 638.
933 4203 962 4254 io)
973 4201 1026 4247 Mai
1039 4199 1139 4254 (script.
1155 4198 1209 4245 Vct.
1222 4201 1239 4245 t.
1250 4197 1282 4244 V.
1294 4208 1320 4254 p.
1332 4200 1369 4242 70.
1384 4198 1435 4243 not.
1447 4198 1467 4250 2)

341 4284 368 4336 u)
380 4281 445 4326 ibid.
458 4291 482 4336 p.
495 4283 546 4326 6⁴2.
905 4285 993 4341 legit...
1006 4280 1127 4332 ors...
1146 4278 1232 4329 ΜΑΣ.

340 4365 368 4420 (sl
380 4363 444 4409 ibid.
458 4374 482 4419 p.
494 4363 545 4407 690.
931 4362 1115 4418 ricimeri.
1129 4373 1153 4419 p.
1165 4363 1214 4407 875.

341 4443 546 4499 mmpm
