3170 5134
282 463 341 523 tir
523 479 594 524 mss.
615 481 659 526 ιιι.
681 479 717 526 ou
738 479 865 528 ,ιιιιιιιιε
885 483 1187 532 ιιιιιιιεοιιοιῑιιιιι.

659 745 942 804 mancusos
975 747 1046 804 111.

605 996 821 1044 Rssouurio
849 999 1100 1056 QtAEsTIOs'Is.

330 1229 399 1314 46.
427 1233 529 1322 dam,
560 1232 608 1310 ad
639 1233 901 1311 resolvendam
929 1235 1176 1337 quaestionem
1205 1233 1277 1312 boc
1308 1237 1440 1339 capite

279 1343 522 1472 propositam,
547 1371 842 1448 examinandum
866 1377 923 1449 cst
948 1377 1077 1448 utrum
1102 1376 1204 1448 certo
1227 1378 1295 1449 aut
1320 1371 1437 1449 valde

278 1503 520 1606 probabiliter
553 1505 778 1581 conveniant
814 1505 1023 1608 Hippolpto
1058 1509 1156 1581 notae
1184 1503 1261 1581 illae
1291 1505 1435 1606 quibus

276 1643 468 1715 auctorem
492 1641 888 1735 Pbitosopboumcnon
915 1642 1089 1742 insigniri
1116 1666 1265 1718 neeesse
1291 1646 1348 1718 est
1372 1645 1427 1738 (ι).

279 1775 328 1852 Et
349 1775 499 1877 quidem

325 1967 358 2032 1.
386 1949 590 2026 blauilestc
614 1951 792 2027 convenit
820 1951 945 2052 prima
971 1953 1083 2028 Nota.
1113 1952 1213 2028 Nam
1239 1949 1428 2052 Hippoly-

276 2089 357 2161 tum
385 2084 501 2160 fuisse
530 2083 746 2162 excellentis
775 2086 957 2162 doctriuae
986 2085 1159 2163 dubitare
1188 2111 1263 2162 non
1292 2085 1425 2163 sinunt

274 2225 331 2297 tot
359 2219 482 2320 elogia
509 2225 680 2296 veterum
705 2227 742 2298 et
767 2227 823 2299 tot
847 2247 892 2298 ae
916 2227 996 2298 tam
1023 2221 1133 2298 varia
1163 2220 1344 2324 opuscula
1373 2221 1424 2297 ab

276 2357 357 2459 ipso
383 2357 535 2458 scripta.

326 2529 389 2616 47.
419 2535 468 2612 Et
493 2534 687 2636 speciatim
716 2536 986 2613 advertendum
1012 2543 1069 2614 est
1095 2563 1182 2614 eum
1207 2537 1425 2614 incubuisse

274 2671 440 2750 scientiae
464 2672 725 2749 astronomicae
747 2679 786 2750 et
809 2673 1023 2750 scrutandis
1049 2673 1229 2751 doctrinis
1254 2671 1421 2776 philoso

272 2807 434 2911 phorum
457 2809 706 2886 ethnicorum.
730 2809 904 2887 Alterum
927 2811 1108 2888 habemus
1129 2837 1176 2886 ex
1197 2811 1279 2912 ejus
1302 2810 1423 2911 Cyclo

209 3048 214 3060 .
273 2943 466 3034 paschali,
486 2944 564 3048 qui,
584 2945 757 3045 quamvis
778 2969 972 3032 erroneus,
991 2949 1092 3022 certe
1112 2969 1188 3022 non
1205 2942 1419 3044 vulgarem,

272 3081 482 3184 praesertim
507 3105 575 3182 pro
601 3085 767 3184 tempore
793 3107 866 3184 quo
892 3081 1001 3170 vixit,
1026 3082 1267 3158 astronomiae
1292 3082 1422 3181 cogni-

271 3215 411 3292 tionem
441 3215 628 3326 supponit.
654 3214 834 3292 ·Altcrum
866 3220 1054 3293 testantur
1085 3216 1267 3318 opuscula
1298 3214 1421 3318 pbilo-

271 3349 426 3452 sophica
454 3349 621 3426 indicata
649 3350 689 3425 in
718 3349 890 3451 catalogo
920 3355 1056 3426 statuae
1085 3349 1274 3450 adscripto
1301 3351 1352 3447 (ι)
1383 3354 1445 3426 et.

271 3483 526 3585 Hieronymus
544 3484 614 3586 Ep.
636 3490 683 3560 70
701 3483 762 3583 (al.
783 3489 843 3584 84)
861 3485 907 3562 ad
928 3485 1126 3586 Magnum,
1146 3511 1186 3561 n.
1207 3495 1231 3561 4
1248 3487 1298 3583 (l.

304 3772 333 3834 (ι’)
345 3768 392 3822 Cir
403 3781 488 3834 supra
499 3769 565 3834 Cap.
579 3768 616 3820 11.
862 3769 926 3822 inde
943 3770 1069 3834 quaedam
1084 3770 1167 3834 hujus
1183 3769 1224 3820 rei
1241 3769 1368 3834 exempla
1386 3784 1421 3822 ex

304 3875 333 3932 (ι)
348 3867 423 3920 Test.
439 3869 476 3920 V.
495 3869 517 3922 ³
534 3867 667 3933 (append.
685 3881 747 3932 pag.
763 3861 820 3929 26).
857 3867 1000 3933 Scriptura
1023 3868 1179 3931 multosque
1206 3867 1359 3931 scriptores
1376 3881 1420 3918 ec-

304 3956 335 4022 (a)
348 3957 400 4008 Ubi
409 3956 550 4008 sciliceta.
563 3958 578 4006 2
591 3973 599 4007 ι
614 3979 626 3999 u
640 3955 718 4015 Quod
728 3959 821 4007 autem
854 3955 1025 4008 ctesiasticos
1041 3958 1109 4008 citat
1128 3958 1184 4020 qui,
1206 3957 1331 4021 profanis
1343 3957 1417 4008 litte·

272 4066 285 4088 ν·
297 4045 398 4109 quaeris
413 4045 470 4111 (ait)
483 4046 512 4095 iu
526 4046 602 4098 calce
619 4046 742 4110 epistolae
758 4047 822 4108 tuae,
857 4045 897 4096 ris
914 4045 1024 4106 eruditi,
1046 4047 1098 4097 hae
1118 4047 1274 4098 eruditione
1292 4047 1334 4096 usi
1353 4049 1420 4098 sunt

271 4149 346 4186 ”cur
367 4136 397 4186 iu
422 4135 562 4200 opusculis
586 4136 689 4187 nostris
716 4136 821 4186 secula·
857 4135 886 4186 in
914 4137 972 4187 suis
1001 4137 1122 4201 scriptis,
1147 4137 1273 4189 videlicet
1301 4137 1418 4202 Cypria·

271 4227 825 4290 ariumlitteraruminterdumponamus
859 4240 934 4286 num,
959 4226 1143 4290 Methodium,
1172 4225 1337 4285 Eusebium,
1363 4227 1418 4290 Ap—

270 4337 283 4358 „
296 4317 421 4381 exempla
432 4317 459 4367 et
470 4316 619 4368 candorem
631 4316 754 4368 eeclesiae
766 4317 823 4367 eth·
856 4316 1026 4380 polluerem,
1051 4316 1235 4378 Quadratum,
1255 4315 1418 4372 Aristidem,

270 4407 422 4457 „nieorum
440 4405 569 4456 sordibus
582 4405 748 4470 polluam,
762 4407 823 4458 bre·
857 4407 1017 4466 «Iustinum,
1047 4406 1222 4468 Melitouem,
1251 4405 1418 4470 Dionysium

271 4496 366 4546 ”viter
383 4509 547 4560 responsum
569 4496 678 4547 habeto.
704 4519 717 4540 n
738 4497 825 4548 affert
859 4495 1045 4561 Corinthium,
1073 4497 1234 4559 Tetianum,
1263 4495 1417 4556 Irenaeum,
