3132 5140
214 481 281 528 ιιι.
307 483 352 526 ιιι.
379 479 473 528 ornus
493 475 653 526 srnnatnus
674 478 700 522 ιι
721 477 841 532 acroam
863 477 994 526 nonnam
1015 477 1167 526 incronmr.
1228 463 1286 526 ιιι

128 646 338 724 catholicae
372 643 523 722 veritati
557 644 847 721 consentaneum
877 641 1043 742 judicari
1077 643 1207 745 possit.
1246 644 1286 723 Si

129 780 240 858 enim
263 780 310 857 de
331 779 539 856 infantibus
561 801 683 854 sermo
706 780 775 864 est,
801 781 947 854 certum
965 781 1021 854 est
1039 801 1100 854 eos
1119 778 1286 854 ubicum-

129 941 213 1018 que
233 920 272 991 et
292 939 317 992 a
333 935 568 1016 quocumque
586 889 763 1012 baptizati
781 908 935 999 fuerint,
956 909 1085 986 statim
1111 911 1287 1012 consequi

127 1051 304 1154 gratiam
328 1047 484 1126 Christi.
511 1047 550 1124 si
574 1045 620 1122 de
636 1044 774 1122 adultis
793 1045 933 1146 agitur,
953 1045 1068 1123 etiam
1084 1044 1178 1122 illud
1196 1071 1286 1123 vere

128 1188 176 1268 in
202 1186 361 1288 epistola
382 1211 405 1264 a
427 1187 450 1263 J
453 1184 613 1266 ubaiano
635 1182 682 1262 ad
705 1181 939 1284 Cyprianum
965 1183 1082 1260 missa
1103 1183 1286 1285 scriptum

127 1328 223 1402 erat
252 1361 268 1389 ιι
300 1323 397 1426 quod
433 1321 677 1425 quaerendum
712 1344 786 1397 non
822 1321 871 1397 sit
909 1320 992 1421 quis
1023 1320 1283 1423 baptizaverit,

130 1499 149 1528 ,ι
171 1459 328 1564 quando
350 1458 382 1534 is
404 1458 468 1559 qui
490 1455 699 1560 baptizatus
723 1454 773 1532 sit
796 1454 965 1556 accipere
988 1454 1184 1530 remissam
1202 1480 1284 1557 pec-

132 1635 150 1663 =÷
177 1599 354 1672 catorum
380 1592 543 1697 potuerit
575 1628 590 1657 n
621 1593 673 1690 (1),
698 1615 773 1666 non
800 1588 1021 1691 simpliciter
1045 1588 1207 1692 quidem,
1234 1596 1282 1678 et,

125 1729 454 1834 quemadmodum
488 1727 662 1816 infantes
699 1726 779 1828 ipso
811 1720 1040 1803 sacramenti
1071 1751 1163 1815 usu,
1200 1728 1282 1818 sed,

124 1873 176 1945 ut
203 1866 256 1942 ibi
278 1867 447 1968 proxime
468 1864 657 1966 adjicitur,
682 1899 697 1928 a
718 1864 923 1940 secundum
945 1863 1043 1965 quod
1067 1864 1237 1954 credidit,
1265 1903 1280 1932 ι

124 2005 208 2082 hoc
238 2005 297 2079 est
326 2001 356 2078 si
387 2006 489 2080 recta
518 2001 590 2077 fide
619 2001 805 2102 acceperit
835 2006 947 2102 atque
976 2000 1104 2076 omnia
1133 2023 1211 2102 prae
1246 2027 1285 2078 se

124 2138 270 2217 tulerit
287 2163 371 2240 quae
394 2136 614 2215 Christiana
636 2135 768 2237 religio
791 2136 838 2212 ad
863 2136 959 2212 hanc
978 2136 1140 2236 gratiam
1158 2161 1282 2213 conse

124 2272 326 2378 quendam
343 2274 513 2377 requirit.
534 2275 585 2352 Et
607 2274 706 2351 hanc
723 2274 873 2376 quidem
895 2274 1075 2376 Stephani
1096 2253 1281 2353 eteorum

124 2410 302 2514 quicum
321 2409 385 2487 illo
403 2411 682 2487 consentiebant
699 2388 921 2486 sententiam
939 2434 1019 2486 esse
1036 2409 1281 2487 Firmidianus

122 2545 347 2632 confirmat,
363 2544 426 2620 ubi
445 2544 491 2621 de
508 2543 555 2620 iis
573 2543 636 2645 qui
659 2544 770 2619 «ιιοιι
787 2546 922 2644 putant
939 2543 1182 2644 quaerendum
1201 2569 1281 2622 esse

122 2680 218 2784 quis
245 2680 295 2756 sit
320 2679 383 2756 ille
407 2679 470 2781 qui
492 2679 738 2780 baptizaverit
762 2715 777 2744 a
800 2678 871 2755 hoc
888 2681 1048 2756 testatur
1070 2710 1076 2754 :
1102 2681 1280 2760 «Dicunt

125 2855 143 2877 .,
169 2839 261 2890 eum
283 2815 347 2916 qui
372 2801 716 2917 quomodocumque
742 2814 832 2891 foris
859 2814 1072 2915 baptizatur
1097 2821 1220 2893 mente
1243 2824 1280 2897 et

124 2989 143 3018 n
169 2950 246 3026 fide
265 2975 335 3026 sua
351 2949 527 3051 baptismi
548 2947 712 3049 gratiam
735 2946 911 3049 consequi
934 2971 1042 3049 posse
1067 2983 1083 3013 n
1106 2951 1155 3048 (ι).
1179 2950 1278 3038 Quo-

122 3085 202 3161 ties
229 3083 345 3184 igitur
371 3085 598 3186 Stephanus
624 3089 661 3160 ct
682 3084 796 3159 ceteri
821 3083 983 3185 episcopi
1003 3108 1090 3160 oum
1108 3085 1173 3163 illo
1191 3112 1276 3166 con-

123 3217 347 3306 sentientes
374 3219 603 3320 baptizatum
632 3218 678 3293 ab
709 3216 896 3294 haereticis
926 3217 1089 3317 gratiam
1118 3220 1276 3323 adipisci

124 3377 241 3456 posse
259 3352 400 3440 dicunt,
421 3353 470 3429 ibi
494 3389 509 3417 a
530 3351 734 3428 secundum
753 3351 851 3454 quod
869 3351 1026 3430 credidit
1047 3391 1062 3417 a
1085 3381 1149 3432 seu
1172 3395 1187 3424 a
1209 3385 1277 3462 pro

34 3491 38 3497 ’
124 3487 204 3564 fide
229 3493 342 3589 atque
367 3489 482 3564 animi
505 3487 747 3589 dispositione
771 3523 786 3552 n
816 3491 852 3585 (a)
878 3489 1175 3570 subaudiendum
1196 3521 1277 3575 esse
1317 3465 1319 3470 ι

124 3622 234 3698 haud
260 3622 442 3723 suspectis
469 3621 652 3725 Cypriani
681 3625 792 3724 atque
822 3621 1035 3700 Firmiliani
1053 3627 1276 3708 testimoniis

125 3758 325 3835 habemus.
347 3758 392 3833 Ιιι
410 3782 482 3859 quo
501 3782 591 3834 sane
609 3756 702 3833 nihil
721 3761 776 3834 est
794 3758 960 3847 absurdi,
980 3759 1075 3836 nihil
1096 3765 1193 3863 quod
1213 3791 1275 3843 ve-

123 3892 234 3970 ritati
254 3917 328 3969 non
346 3892 515 3995 apprime
533 3896 728 3993 congruat.
755 3893 884 3970 Potest
902 3893 1000 3970 enim
1024 3895 1104 3972 fieri
1126 3902 1169 3975 ut
1192 3901 1275 4000 quis

123 4035 230 4108 recte
248 4029 411 4106 sentiens
425 4030 472 4106 ab
486 4054 528 4106 eo
547 4053 657 4130 quem
675 4029 895 4106 haereticum
913 4031 1031 4108 nescit
1046 4033 1275 4134 baptismum

156 4301 190 4366 (ιι
210 4299 272 4349 vio.
295 4297 376 4363 cypr.
396 4297 484 4361 Epist.
502 4296 536 4346 ad
553 4295 683 4347 dubaiau.
720 4309 783 4360 pag.
797 4290 856 4380 ιθ).Ι

120 4413 149 4448 ιι.
166 4397 182 4445 4
194 4393 330 4458 (append.
345 4407 407 4458 pag.
419 4387 474 4457 tt).
753 4393 785 4457 (a)
798 4393 867 4443 lbid.
877 4394 904 4443 et
916 4391 1132 4457 Gypr.Epist.ad
1142 4391 1271 4450 dubaian.

159 4493 191 4556 (ι)
216 4491 323 4543 Firmil.
349 4490 436 4556 Epist.
463 4507 488 4542 n.
510 4493 526 4542 9
552 4491 685 4557 (Append.
722 4506 747 4542 ιι.
763 4493 776 4542 ι
790 4493 925 4558 (Append.
940 4506 1001 4558 pag.
1015 4483 1069 4556 56).
