3170 5134
322 465 377 524 100
406 443 410 453 ’
556 476 628 520 mss,
652 475 693 518 ιιι.
716 473 752 518 nr
773 473 901 519 serrone
922 471 1230 519 rrrnosornouuenor.

319 643 516 721 revertisse
551 639 752 720 Callistum
785 639 875 715 dum
911 637 1036 738 adhuc
1070 661 1199 714 recens
1235 639 1332 712 esset
1366 636 1477 737 apud

317 800 445 853 omnes
463 776 544 876 ejus
561 773 744 850 memoria
761 775 812 872 (1).

364 950 403 1014 d.
427 935 481 1012 Ut
502 933 812 1036 synchronismus
836 933 1001 1009 Victoris
1028 932 1241 1023 Pontificis‚
1268 931 1475 1010 Commodi

317 1069 572 1172 Imperatoris
599 1068 757 1145 Marciae
780 1069 861 1170 ejus
884 1067 1028 1170 pellicis
1051 1092 1137 1144 eum
1163 1067 1322 1145 historia
1345 1068 1476 1145 cohae-

315 1209 385 1293 ret,
410 1204 463 1280 sic
486 1202 642 1280 Marciae
665 1202 703 1277 in
728 1201 965 1280 Christianos
986 1201 1224 1278 benefactum
1247 1201 1294 1278 ab
1311 1205 1475 1278 auctore

315 1341 476 1417 relatum
504 1363 591 1415 cum
622 1337 755 1414 Dionis
785 1337 908 1415 Cassii
932 1337 1146 1414 testimonio
1177 1341 1214 1436 (a)
1246 1337 1471 1428 coneordat,

314 1478 413 1555 unde
438 1475 576 1553 scimus
602 1509 618 1540 a
646 1474 832 1552 Marciam
855 1473 1160 1552 Christianorum
1185 1473 1302 1551 fuisse
1325 1473 1474 1552 studio-

316 1649 332 1678 »
354 1636 435 1690 sam
460 1636 504 1689 ac
533 1610 653 1688 multa
683 1611 722 1686 in
752 1635 814 1687 eos
844 1609 1024 1686 beneficia
1056 1610 1262 1687 contulisse
1295 1641 1303 1687 ε
1337 1610 1474 1687 omnia

316 1784 331 1812 n
353 1747 490 1850 quippe
506 1749 653 1847 poterat
675 1744 775 1847 apud
794 1744 1055 1823 Commodum.
1080 1781 1095 1810 n

360 1929 392 1976 e.
409 1896 468 1971 Ad
483 1895 775 1972 ecelesiasticam
794 1893 943 1972 Callisti
961 1894 1080 1971 vitam
1100 1894 1358 1997 exponendam
1374 1917 1467 1969 con-

312 2053 443 2106 versus
460 2033 594 2106 auctor
620 2029 765 2118 scribit,
790 2028 991 2108 Callistum
1013 2052 1036 2106 a
1054 2029 1267 2132 Zephyrino
1287 2029 1473 2131 praeposi-

311 2167 392 2240 tum
418 2162 535 2241 fuisse
559 2164 773 2241 coemeterio
798 2168 847 2262 (εἰς
860 2175 893 2240 τὸ
906 2169 1104 2264 κοιμητήριον).
1131 2167 1183 2243 At
1210 2166 1357 2268 quando
1380 2170 1469 2242 tam

311 2297 432 2374 multa
462 2297 597 2376 Romae
622 2304 745 2376 essent
775 2298 1080 2377 Christianorum
1109 2299 1308 2403 hypogaea,
1340 2301 1468 2401 quaeri

311 2440 436 2539 posset
453 2437 642 2540 quodnam
660 2435 851 2538 singulare
868 2437 1125 2514 ooemeterium
1143 2439 1190 2514 ab
1208 2440 1361 2514 auctore
1379 2436 1467 2513 fue

311 2571 362 2647 rit
387 2570 636 2672 designatum.
666 2569 855 2660 Rusone,
879 2570 910 2646 si
935 2570 999 2646 diu
1018 2575 1103 2672 post
1120 2569 1344 2648 Callistiana
1364 2573 1467 2646 tem-

310 2729 402 2806 pora
431 2704 527 2781 liber
555 2705 626 2780 iste
660 2705 792 2782 fuisset
821 2709 1011 2782 exaratus,
1043 2705 1115 2784 Sed
1146 2705 1320 2809 scriptori
1354 2703 1467 2782 illius

309 2839 432 2914 aetatis
450 2862 564 2939 quam
580 2838 675 2915 liber
691 2840 903 2941 praetendit,
924 2865 1075 2917 necesse
1093 2865 1167 2917 non
1185 2840 1258 2918 fuit
1276 2864 1354 2917 rem
1373 2839 1465 2942 plu-

310 2973 413 3051 ribus
436 2976 636 3078 explicare.
667 2977 808 3054 Notum
835 2977 972 3080 quippe
994 2983 1076 3056 erat
1101 2977 1289 3067 omnibus
1315 2977 1467 3080 Zephy-

309 3109 391 3187 rino
422 3112 599 3188 Pontifici
629 3137 738 3189 suum
770 3112 886 3190 fuisse
916 3113 1161 3216 hypogaeum,
1195 3115 1235 3189 in
1269 3138 1342 3215 quo
1376 3112 1467 3215 ipse

308 3250 535 3350 compositus
557 3254 626 3338 est,
651 3251 837 3352 quodque,
861 3251 1133 3354 amplificatum
1150 3257 1264 3353 atque
1281 3253 1466 3329 ornatum

308 3383 354 3460 ab
381 3385 547 3486 ejusdem
573 3411 786 3463 successore
817 3386 989 3478 Callisto,
1022 3388 1136 3489 hujus
1167 3411 1279 3488 porro
1306 3386 1466 3465 nomine

307 3516 490 3618 appellari
508 3521 686 3621 perrexit.

361 3693 422 3776 10.
445 3714 521 3778 111.
547 3700 648 3790 dam,
668 3704 711 3778 ut
729 3706 899 3778 veterum
923 3701 969 3778 de
986 3705 1114 3779 nostro
1133 3726 1246 3804 opere
1263 3699 1464 3781 silentium
1572 3677 1573 3686 ἦ

306 3857 392 3908 cum
427 3841 665 3944 propugnata
700 3839 781 3938 ejus
810 3863 857 3914 ex
889 3837 1046 3914 internis
1076 3817 1224 3914 indiciis
1259 3835 1466 3916 authentia
1570 3837 1571 3917 l

196 4063 202 4074 ‚
305 3971 567 4068 componatur,
600 3970 798 4073 multiplex
829 3971 925 4048 ratio
956 3971 1069 4074 hujus
1096 3972 1236 4049 silentii
1266 3971 1464 4073 assignari

306 4107 438 4204 potest.
458 4105 648 4182 Nimirum
670 4137 677 4183 :

336 4389 366 4452 (rt
388 4389 443 4440 Otr.
465 4386 542 4442 Pau.
567 4391 631 4458 Cap.
655 4393 702 4445 eit.
726 4393 860 4459 (Append.
927 4391 1039 4460 (aliisi.
1053 4392 1132 4447 Rem
1146 4395 1164 4447 l.
1178 4409 1263 4450 rxxn.

307 4495 370 4548 pag.
383 4477 421 4534 48
433 4485 524 4548 med).
