3154 5134
441 470 523 519 conc.
546 471 712 519 iurrocuaui
733 468 779 518 lu.
804 455 874 516 269.
1166 455 1224 518 297
1295 534 1300 546 Ι

59 622 310 700 concordare
330 622 371 700 in
392 623 440 701 iis
465 649 549 726 quae
573 624 619 701 de
642 624 748 702 Actis
772 622 1017 702 Antiochenis
1042 624 1221 702 referunt.

63 754 174 830 Nam
193 753 238 834 α’.
259 755 368 842 Quod
389 755 556 834 Basilius
578 759 626 834 ab
649 757 833 860 episcopis
854 761 1119 859 argumentum
1140 783 1224 860 pro·
1279 767 1283 778 '

61 888 198 966 latum
218 889 388 969 affirmat
400 892 497 994 quod
510 893 741 970 Athanasius
754 892 846 970 citat
857 898 1051 994 tamquam
1067 891 1226 970 allatum

61 1049 88 1102 a
107 1025 249 1104 Paulo
275 1027 532 1119 Samosateno,
550 1029 589 1104 id
609 1028 773 1131 profecto
795 1028 940 1105 nnllam
959 1010 1104 1106 tantam
1129 1025 1224 1104 diffi-

63 1157 266 1238 cultatem
290 1161 445 1263 patitur.
474 1162 687 1265 Utrumque
715 1162 816 1241 enim
845 1161 955 1240 facile
983 1185 1117 1239 verum
1146 1184 1226 1238 esse

63 1295 217 1392 potest,
250 1293 415 1372 Paulum
445 1295 586 1374 scilicet
614 1321 657 1374 eo
686 1299 908 1399 argumento
938 1320 1049 1373 usum
1074 1319 1154 1372 esse
1178 1293 1227 1372 ad

16 1469 21 1476 ·
65 1451 190 1504 suum
224 1452 391 1506 errorem
420 1431 667 1533 probandum,
694 1432 829 1511 Patres
858 1455 949 1508 vero
974 1429 1226 1508 Antiochenos

66 1559 171 1638 illud
187 1561 294 1640 idem
311 1569 574 1666 argumentum
590 1565 763 1644 retulisse
779 1570 817 1643 et
833 1564 1042 1641 decrevisse
1058 1562 1107 1641 ad
1124 1561 1227 1640 illius

67 1699 391 1800 consequentiam
426 1699 653 1790 evitandam,
688 1704 731 1779 ut
764 1723 839 1777 non
873 1701 1120 1799 usurparetur
1152 1721 1228 1774 vox

68 1837 235 1914 amoma.

123 1969 162 2034 ir.
197 1955 333 2056 Neque
363 1980 495 2034 rursus
528 1955 729 2050 difficultas
759 1959 816 2032 est
845 1955 885 2031 in
913 1953 1037 2031 verbis
1071 1951 1224 2030 Hilarii.

74 2084 216 2162 Facile
243 2088 344 2164 onim
373 2089 405 2167 is
435 2089 596 2192 intelligi
624 2093 746 2193 potest
774 2115 848 2166 non
878 2086 1085 2166 doctrinam
1115 2085 1229 2164 Pauli
1314 2111 1317 2116 “

77 2220 325 2300 Samosatoni
343 2223 495 2314 referre,
511 2226 574 2301 sed
587 2223 888 2326 consequentiam
900 2220 1103 2299 absurdam
1115 2245 1230 2322 quam

77 2353 145 2432 hic
177 2356 360 2434 adversus
386 2358 675 2436 contradictores
705 2382 792 2435 suos
817 2355 997 2432 deducere
1025 2354 1231 2432 conabatur

79 2513 130 2566 ex
156 2491 331 2594 ipsorum
355 2493 525 2571 doctrina
550 2492 596 2570 de
621 2488 1005 2570 consubstantialitate
1029 2486 1118 2565 Filii
1143 2512 1230 2566 cum
1351 2591 1354 2600 Δ

82 2625 209 2704 Patre
226 2630 276 2727 (ι).

139 2783 203 2869 19.
221 2789 352 2892 Itaque
370 2791 665 2870 concludendum
684 2792 834 2869 videtur
858 2789 1003 2868 nullam
1020 2813 1150 2867 aarum
1170 2813 1228 2868 ra-

83 2923 237 3002 tionum
252 2951 337 3029 quaa
353 2933 593 3031 opponuntur
617 2929 821 3007 authentia
845 2926 1074 3008 delinitionis
1099 2926 1229 3005 Antio-

85 3059 233 3151 ohenae,
248 3065 295 3140 ab
312 3065 515 3168 Ancyrana
532 3065 682 3169 Synodo
699 3064 869 3168 prolatae,
889 3063 1073 3167 ejusmodi
1090 3068 1231 3141 esseut
1319 3137 1321 3142 ,

87 3183 173 3274 eam
190 3197 315 3276 valide
329 3199 533 3303 impugnet.
551 3199 751 3303 Quumque
767 3200 896 3278 eadem
913 3197 1138 3277 testimoniis
1156 3223 1231 3278 non

88 3332 308 3429 spernendis
330 3333 487 3424 nitatur,
513 3336 715 3412 secundum
739 3333 889 3436 regulas
912 3358 1014 3411 sanae
1031 3332 1171 3410 criticae
1188 3338 1232 3413 nt

89 3462 202 3542 valde
230 3466 432 3568 probabilis
461 3468 691 3548 admittenda
720 3470 799 3545 est·
821 3467 900 3544 Noc
923 3464 1003 3576 ulla
1028 3465 1114 3544 inde
1133 3467 1230 3544 diffi-

90 3596 211 3678 cultas
224 3707 226 3711 .
240 3606 371 3680 contra
400 3603 521 3706 ipsam
550 3603 758 3682 doctrinam
781 3601 1007 3681 catholicam
1029 3603 1227 3704 exsurgit:

92 3737 189 3835 quod
206 3737 345 3841 optime
357 3739 440 3842 jam
456 3733 621 3819 ostendit
631 3741 863 3818 Athanasius
881 3743 931 3839 (a).

123 3935 153 4002 (ι)
163 3941 259 4006 Itaque
271 3912 327 3994 non
339 3944 429 3995 solum
439 3943 560 4010 gratuito
577 3957 641 4009 sup·
674 3958 707 3996 oa
715 3957 775 4009 quae
786 3944 909 3996 referunt
916 3943 1093 4007 Athanasius,
1106 3942 1231 4026 Hilarius

92 4031 168 4090 pouit
194 4030 326 4084 Maranus
355 4032 454 4085 Patres
481 4034 642 4099 Ancyranos
675 4036 702 4086 ot
723 4033 845 4085 Basilius
868 4033 960 4099 potius
987 4033 1161 4084 concluditur
1188 4034 1231 4085 vei

92 4131 171 4171 ausos
192 4135 247 4172 non
268 4135 324 4172 esse
344 4121 429 4173 citare
447 4123 517 4172 Acta
539 4121 642 4187 Synodi
674 4123 746 4174 Acta
771 4123 945 4175 Antiochena
969 4122 1037 4172 satis
1062 4123 1121 4173 mse
1147 4121 1232 4175 citata

94 4207 269 4263 Antiochense
295 4210 333 4273 (id
357 4211 431 4263 onim
458 4212 646 4264 necessarium
679 4211 764 4262 ruisse
776 4212 810 4261 ab
820 4209 975 4276 Ancyranis
986 4207 1029 4258 vel
1046 4211 1080 4261 ab
1097 4209 1164 4275 ipsis
1175 4209 1232 4261 iilis

95 4309 148 4350 non
167 4299 236 4360 erat,
253 4312 338 4371 quum
348 4299 398 4352 ilia
409 4301 479 4352 Acta
496 4301 532 4352 ad
549 4313 646 4352 omnes
678 4301 808 4353 Patribus
825 4299 932 4366 (salam
950 4297 1058 4351 Hilario
1075 4301 1103 4352 ei
1119 4299 1233 4370 Basilio)

96 4391 222 4443 eeclesias
233 4390 319 4442 missa
329 4391 465 4457 inissent),
474 4391 523 4445 sed
536 4405 569 4443 ox
580 4406 645 4445 con·
679 4393 764 4446 ruisse
774 4392 907 4458 inspecta.

97 4487 236 4541 cordantia
251 4502 312 4552 quaa
328 4489 466 4556 reperitur
484 4490 560 4543 inter
570 4491 647 4543 vana
711 4488 744 4557 (a)
756 4488 810 4542 ou.
822 4489 948 4556 Appond.
961 4501 1024 4555 pag.
1037 4483 1081 4542 81.
