3180 5134
398 441 492 490 ACCUS.
517 442 581 490 ΜΝ.
605 441 758 488 callistus
779 442 895 490 Pullos.
919 443 946 488 Ιι.
970 444 1008 489 iil.
1174 501 1178 522 Ι
1241 428 1279 488 49

123 609 152 664 in
171 609 281 664 Filium
304 609 437 676 cesserit,
459 623 523 666 esse
543 608 681 676 Patrem;
702 609 869 676 nonenim,
893 609 999 682 inquit,
1022 609 1185 680 profitebor
1203 612 1278 670 duos

124 707 204 774 deos,
219 709 343 764 Patrem
357 707 387 764 et
396 708 513 773 Filium,
528 707 578 763 sed
593 723 694 764 unum.
708 709 798 764 Pater
811 709 900 775 enim,
915 709 1009 778 quiin
1023 724 1058 765 eo
1072 711 1197 776 exstitit,
1214 727 1278 768 car-

124 819 189 860 nem
210 805 369 876 postquam
384 804 554 874 assumpsit,
569 803 720 860 deificavit
732 804 788 860 sibi
808 804 926 859 unitum
939 803 1052 859 etfacit
1065 819 1168 871 unum,
1183 805 1225 862 ita
1245 807 1279 862 ut
1379 875 1383 882 .

123 899 212 954 Pater
232 901 264 956 et
284 900 375 956 Filius
388 899 513 955 vocetur
532 909 610 956 unus
623 902 711 966 Deus,
726 901 757 956 et
776 899 852 956 hane
872 914 1042 969 personam,
1061 916 1129 956 cum
1148 916 1209 956 una
1227 903 1277 969 sit,

123 1012 181 1052 non
200 1012 290 1068 posse
308 1012 372 1053 esse
391 997 476 1062 duas,
496 997 527 1062 et
546 997 589 1052 sic
603 997 723 1052 Patrem
743 1011 931 1066 compassum
945 1011 1010 1052 esse
1023 1011 1092 1052 cum
1113 998 1203 1064 Filio;
1219 1014 1278 1055 non

123 1094 202 1148 enim
226 1095 327 1150 dicere
347 1095 412 1150 vult
432 1093 554 1149 Patrem
574 1107 639 1148 esse
659 1107 780 1162 passum
801 1106 949 1162 unamque
969 1107 1034 1148 esse
1052 1106 1221 1162 personam,
1245 1095 1279 1152 ut

123 1189 248 1259 effugiat
261 1189 474 1258 blasphemiam
493 1189 524 1243 in
545 1190 676 1256 Patrem,
691 1187 834 1258 insipidus
854 1187 911 1243 iste
923 1188 1075 1257 vaferque,
1089 1188 1140 1258 qui
1160 1203 1279 1246 sursum

123 1282 266 1340 deorsum
279 1298 421 1362 spargens
432 1283 641 1352 blasphemias,
653 1284 741 1340 modo
754 1284 905 1340 utcontra
917 1284 1075 1340 veritatem
1089 1283 1169 1354 loqui
1183 1285 1281 1342 videa-

125 1379 186 1446 tur,
198 1380 265 1434 tum
275 1379 306 1434 in
317 1380 435 1435 sabellii
445 1379 611 1434 doctrinam
622 1379 764 1450 incidens,
775 1381 840 1436 tum
853 1380 883 1434 ia
894 1379 1036 1436 Theodoti
1048 1395 1106 1436 non
1119 1381 1278 1439 erubescit.

123 1475 208 1530 Talia
222 1475 347 1531 conatus
361 1476 563 1544 praestigiator
577 1476 626 1531 illo
640 1476 773 1532 scholam
793 1476 949 1532 constituit
961 1476 1105 1533 adversus
1119 1478 1279 1535 Ecclesiam

123 1571 166 1625 ita
179 1570 325 1636 docendo,
337 1573 367 1626 et
379 1572 493 1640 primus
507 1587 542 1626 oa
555 1587 621 1640 quae
634 1573 671 1627 ad
687 1573 854 1642 voluptates
868 1573 981 1630 iaciunt
994 1572 1161 1629 hominibus
1175 1589 1280 1630 conce-

123 1667 195 1724 dere
209 1683 302 1724 ausus
315 1669 370 1735 est,
391 1669 492 1724 dicens
507 1669 642 1724 omnibus
655 1683 673 1724 a
686 1668 780 1724 semet
799 1668 909 1723 dimitti
929 1669 1060 1738 peccata.
1076 1671 1151 1725 Nam
1165 1671 1189 1725 si
1203 1670 1280 1726 iorte

124 1766 173 1834 qui
188 1765 269 1835 apud
288 1765 381 1821 alium
395 1781 482 1835 quem
497 1767 697 1836 congregatur
713 1769 743 1822 et
757 1766 940 1822 Christianus
957 1767 1083 1822 vocatur
1096 1767 1165 1840 quid
1179 1783 1281 1838 pecca-

124 1863 216 1928 verit,
227 1862 321 1928 aiunt,
333 1878 392 1918 nen
402 1862 566 1932 imputatur
579 1863 605 1917 ei
617 1864 782 1932 peccatum,
795 1863 882 1918 modo
896 1863 1010 1918 Callisti
1023 1863 1132 1919 scholas
1146 1865 1277 1922 accedat.

126 1957 218 2027 Cujus
242 1958 442 2014 definitionem
462 1959 673 2028 amplectentes
696 1959 793 2024 multi,
815 1958 996 2014 conscientia
1018 1961 1109 2014 morsi
1132 1960 1279 2030 simulque

124 2057 250 2112 etiama
269 2056 371 2112 multis
385 2057 473 2112 sectis
488 2057 603 2126 reiecti,
618 2057 751 2112 nonnulli
771 2070 843 2112 vero
863 2057 894 2111 et
906 2071 959 2125 per
972 2056 1246 2113 condemnationem
1261 2073 1280 2113 a

124 2155 211 2210 nobis
231 2168 269 2210 ex
289 2153 415 2209 ecclesia
428 2153 527 2223 ejecti,
543 2152 580 2207 ad
595 2167 645 2208 eos
659 2152 839 2222 transgressi
852 2152 916 2222 ejus
933 2151 1064 2207 scholam
1078 2152 1278 2222 repleverunt.

126 2250 180 2306 Hic
194 2249 346 2319 praecepit,
362 2249 480 2304 tametsi
501 2248 656 2318 episcopus
668 2249 780 2317 peccet,
796 2247 913 2302 etiamsi
928 2247 963 2302 ad
984 2247 1122 2314 mortem,
1140 2263 1207 2303 eum
1223 2263 1280 2304 non

125 2345 268 2415 oportere
289 2345 355 2400 loco
375 2360 429 2400 suo
452 2347 576 2400 moveri.
594 2344 689 2414 Hujus
707 2345 795 2401 aetate
815 2345 989 2420 inceperunt
1008 2345 1135 2416 episcopi
1154 2346 1184 2401 et
1200 2361 1281 2416 pres-

125 2445 224 2514 byteri
244 2446 275 2500 ot
293 2444 409 2500 diaconi
427 2445 535 2514 bigami
554 2425 585 2500 et
603 2444 723 2513 trigami
738 2445 767 2499 in
788 2444 907 2500 ordines
927 2443 1041 2522 ascisci.
1063 2445 1279 2502 verumetiam

114 2543 149 2598 ‘si
163 2541 231 2611 quis
245 2541 388 2596 inordina
406 2541 585 2597 const'tutus
599 2540 823 2596 matrimonium
841 2538 932 2605 ineat,
947 2551 1068 2593 manere
1081 2539 1173 2594 talem
1187 2539 1279 2596 homi·

124 2656 194 2696 nem
214 2640 245 2695 in
265 2640 368 2695 ordino
392 2639 476 2708 quasi
493 2653 551 2693 non
570 2637 752 2707 peccaverim
775 2636 811 2692 de
829 2635 886 2690 hoc
906 2635 1063 2703 perhibens
1084 2633 1196 2689 dictum
1216 2649 1281 2691 esse

124 2736 204 2806 quod
226 2736 264 2791 ab
277 2737 416 2805 apostolo
435 2735 547 2790 dictum
567 2735 613 2790 est
634 2753 640 2789 ε
663 2737 710 2789 Tu
730 2733 864 2802 quises
884 2732 943 2802 qui
959 2731 1105 2801 judices
1125 2731 1280 2788 alienum

125 2833 294 2890 servumi
314 2836 424 2889 Verum
451 2832 540 2888 etiam
563 2831 734 2901 parabolam
759 2830 795 2886 de
819 2830 936 2884 zizaniis
958 2827 995 2883 ad
1019 2827 1076 2882 hoc
1099 2827 1247 2896 pertinere
1272 2848 1278 2884 ε

125 2917 241 2988 Sinite
260 2931 395 2986 zizania
414 2944 577 2986 crescere
597 2945 674 2985 cum
694 2930 835 2996 tritico,
857 2928 913 2983 hoo
939 2927 985 2982 est
1007 2927 1036 2981 in
1061 2925 1192 2982 Ecclesia
1214 2941 1280 2995 pee-

124 3029 238 3083 cantes
261 3029 370 3083 Verum
390 3027 480 3082 etiam
499 3041 600 3082 arcam
620 3026 731 3080 Neachi
752 3025 782 3080 in
801 3023 1025 3080 similitudinem
1045 3022 1185 3077 Ecclesiae
1205 3022 1282 3079 dixit

42 3181 46 3187 .
125 3127 236 3182 iactam
255 3138 329 3190 esse,
344 3124 376 3179 in
389 3138 448 3192 qua
464 3137 551 3178 canes
565 3125 595 3179 et
608 3123 670 3192 lupi
680 3123 710 3178 et
723 3123 807 3178 corvi
822 3121 981 3188 omniaque
994 3117 1105 3174 munda
1117 3118 1282 3174 immunda-

125 3238 183 3292 que
207 3223 327 3287 luorint,
346 3223 388 3278 sic
410 3220 550 3277 dictitans
570 3223 600 3276 in
623 3221 756 3277 Ecclesia
775 3220 914 3290 oportere
935 3204 1009 3274 esse'
1022 3217 1231 3284 consimiliter,
1253 3217 1283 3273 et

126 3333 322 3389 quaecumque
340 3317 376 3372 ad
396 3318 452 3373 hoc
470 3323 632 3387 congerere
645 3318 773 3388 poterat,
788 3319 817 3372 in
832 3317 910 3372 hunc
928 3315 1049 3371 modum
1069 3314 1284 3385 interpretatus

126 3418 181 3472 est.
205 3416 295 3485 qu'us
308 3414 459 3471 auditores
469 3415 607 3471 delectati
621 3415 738 3485 placitis
752 3414 928 3484 permanent
949 3411 1107 3467 illudentes
1120 3412 1151 3466 et
1165 3411 1284 3469 sibimet

125 3513 198 3583 ipsis
212 3513 243 3568 et
262 3512 374 3578 multis,
389 3526 516 3581 quorum
529 3513 627 3568 turbae
640 3511 677 3566 ed
691 3512 825 3568 scholam
838 3511 920 3566 illam
934 3507 1098 3565 confluunt.
1120 3507 1284 3577 Propterea

125 3609 156 3663 et
170 3599 318 3677 augentur
333 3607 536 3677 superbientes
549 3608 646 3664 turbis
660 3609 782 3678 propter
801 3607 970 3677 voluptates
984 3619 1057 3674 quas
1073 3619 1131 3659 non
1150 3605 1285 3674 permisit

126 3705 272 3770 Christus,
288 3719 345 3774 quo
359 3705 529 3774 contempto
542 3705 658 3761 nullum
672 3705 826 3775 peccatum
840 3703 1007 3774 prohibent,
1023 3701 1198 3757 dictitantes
1216 3716 1285 3756 eum

124 3801 281 3870 ignoscere
302 3798 477 3855 volentibus.
501 3800 617 3856 Etenim
637 3802 667 3857 et
689 3801 864 3857 mulieribus
882 3799 1018 3870 permisit
1039 3798 1083 3861 ut,
1104 3797 1130 3852 si
1152 3798 1284 3868 innuptas

126 3899 227 3955 essent
249 3897 469 3966 flagrarentque
491 3911 594 3953 amore
607 3898 696 3954 aetate
715 3898 845 3968 indigna,
861 3898 908 3952 vel
922 3878 1102 3965 dignitatem
1116 3907 1201 3948 suam
1222 3891 1286 3964 per'·

126 3995 197 4051 dere
216 3994 330 4049 nollent
349 3992 480 4062 legitimo
494 3994 695 4060 matrimonio,
718 3994 863 4050 baberent
878 4007 981 4058 unum,
1002 4004 1217 4060 quemcumque
1237 3991 1287 4046 eli·

126 4092 242 4162 gerent,
258 4090 467 4157 concubinum,
490 4092 553 4147 sive
574 4105 694 4147 servum
715 4091 778 4146 sive
793 4091 930 4156 liberum,
952 4101 1078 4157 eumque
1092 4086 1216 4143 haberet
1232 4103 1285 4158 pro

126 4191 237 4246 marito
251 4201 311 4241 non
324 4186 456 4254 legitime
477 4189 578 4258 nupta.
600 4187 713 4243 Exinde
726 4188 877 4253 mulieres,
892 4202 958 4257 quae
978 4183 1153 4240 dicebantur
1171 4183 1285 4250 fideles,

126 4283 346 4341 medicamenta
357 4283 473 4339 tentare
483 4284 637 4354 coeperunt
647 4299 714 4352 quae
724 4285 840 4340 steriles
852 4284 974 4350 iaciunt,
985 4282 1150 4348 iasciesque
1163 4285 1200 4340 ad
1220 4299 1286 4354 par-

128 4385 178 4440 tus
188 4379 362 4451 abigendos,
375 4379 532 4448 propterea
546 4379 622 4449 quod
639 4379 779 4435 nolebant
793 4396 809 4434 o
821 4393 908 4436 servo
918 4379 1059 4434 inlbntcm
1073 4373 1182 4432 habere
1193 4395 1287 4455 neque

1133 4481 1148 4524 ι
