3170 5134
483 419 544 468 cnr.
567 422 607 466 iv.
631 421 666 468 m
688 421 882 467 aleramnus·
1200 405 1258 464 155

116 593 191 664 tur
215 587 329 690 itaque
358 588 452 664 hanc
482 586 680 664 historiam
710 585 900 687 accepisse
935 609 982 660 ex
1014 581 1257 660 relationibus

115 719 278 798 fidelium
295 725 330 798 et
347 721 541 798 custodum
558 723 714 824 cryptae.

175 898 225 980 41.
250 901 290 977 ln
315 925 360 976 ea
383 899 541 976 historia
566 902 694 976 autem
723 897 897 999 quaedam
924 894 1058 972 merito
1083 899 1255 998 suspecta

115 1035 231 1113 videri
254 1041 421 1138 possunt,
448 1035 659 1138 praesertim
677 1034 774 1135 quod
794 1037 939 1136 spectat
955 1032 1002 1109 ad
1022 1056 1140 1133 genus
1159 1057 1255 1109 mar-

113 1169 214 1270 tyrii.
257 1171 438 1258 Quamvis
477 1170 577 1246 cnim
620 1169 659 1245 in
697 1167 801 1244 Actis
844 1166 999 1244 sinceris
1041 1170 1252 1268 martyrum

114 1306 275 1395 subinde,
303 1305 451 1408 quando
482 1305 625 1383 scilicet
648 1305 832 1381 sententia
862 1303 1010 1405 prolata
1031 1306 1088 1380 est
1110 1303 1156 1378 ab
1180 1302 1252 1380 Irn-

114 1440 338 1542 peratorihus
363 1440 427 1541 qui
454 1438 597 1516 nullam
625 1439 809 1516 rationem
831 1436 959 1539 legum
982 1436 1183 1526 habebant,
1212 1442 1253 1515 ut

115 1574 209 1651 Nero
233 1580 269 1651 ct
298 1574 551 1662 Domitianam,
579 1571 640 1648 vel
666 1574 713 1649 ab
738 1571 865 1674 aliquo
891 1569 1034 1648 crudeli
1065 1570 1250 1648 Praefecto

109 1707 214 1808 longe
230 1710 275 1784 ab
292 1709 398 1786 Urbe
423 1713 570 1809 agente,
599 1713 666 1784 aut
690 1707 849 1808 denique
867 1705 1015 1808 quando
1043 1704 1249 1782 Christiani

109 1843 150 1918 in
174 1844 348 1921 seditione
370 1843 542 1946 populari
567 1841 754 1919 interfecti
777 1847 877 1932 sunt,
904 1841 1085 1918 immania
1109 1840 1249 1942 suppli-

106 1979 169 2055 cia
194 1979 361 2057 adhibita
389 1979 579 2088 legamus;
611 1983 791 2068 attamen,
819 1979 883 2055 uhi
908 1977 1053 2079 judicia
1082 1976 1250 2054 institue

105 2113 238 2188 bantur
261 2111 465 2214 regularia,
492 2137 603 2215 poeua
627 2112 895 2190 decernebatur
918 2110 1123 2189 secundum
1147 2109 1247 2210 leges

105 2225 310 2326 Romanas.
343 2248 536 2351 Supplicia
561 2251 687 2325 autem
717 2249 790 2325 reis
821 2247 1003 2324 scelerum
1029 2242 1247 2347 capitalium

104 2380 149 2455 in
169 2379 211 2455 iis
233 2381 376 2482 legibus
401 2385 542 2484 statuta
560 2385 667 2459 crant
692 2382 871 2459 abscissio
889 2381 1037 2483 capitis,
1064 2377 1246 2481 expositio

4 2571 5 2574 ,
99 2511 227 2588 bestiis
245 2513 282 2589 in
305 2513 598 2616 amphitheatro,
617 2514 826 2603 crucifixio,
848 2519 885 2592 et
903 2539 1016 2615 rogus
1034 2537 1099 2588 seu
1126 2511 1241 2612 ignis;

4 2657 5 2660 ’
95 2649 309 2727 invenimus
347 2650 462 2728 etiam
504 2648 684 2752 quosdam
720 2648 909 2751 lapidibus
951 2648 1118 2733 obrutos,
1159 2669 1243 2744 quae

4 2877 5 2902 Χ
95 2812 212 2890 poena
228 2787 265 2864 in
282 2788 505 2890 quibusdam
523 2787 750 2889 regionibus,
771 2791 814 2864 ut
830 2787 869 2864 in
885 2786 978 2863 Asia
993 2781 1175 2870 ulteriori,
1195 2805 1242 2857 cx

4 2997 5 3034 3
92 2922 261 3022 antiquis
288 2923 423 2999 horum
449 2922 672 3024 populorum
699 2920 895 3010 institutis
924 2922 1066 2997 statuta
1091 2919 1173 2994 erat
1201 2915 1241 2992 in

4 3035 6 3124 l
93 3059 331 3160 blasphemos
353 3065 391 3138 ct
414 3060 560 3162 impios.
589 3107 636 3115 -
659 3061 790 3162 Itaque
819 3060 858 3136 in
885 3055 1062 3160 praesenti
1086 3079 1189 3142 casu,
1217 3075 1240 3130 a

4 3215 5 3296 Τ
94 3197 281 3276 Praefecto
304 3201 452 3288 Romae,
481 3225 595 3302 prope
618 3201 761 3278 Urbem
782 3203 819 3277 et
840 3199 880 3276 in
901 3195 1066 3300 regulari
1079 3192 1236 3297 judicio,

4 3423 5 3450 ,
94 3359 217 3434 neque
241 3337 482 3436 quaestionem
508 3362 573 3438 per
591 3341 776 3415 tormenta
793 3339 1000 3423 exercente,
1021 3331 1083 3409 sed
1101 3328 1240 3432 capita-

4 3499 5 3504 *
94 3469 173 3544 lem
193 3471 409 3548 sententiam
436 3471 716 3572 pronuntiante,
736 3476 814 3549 tam
838 3472 1001 3547 immane
1018 3471 1055 3545 ct
1071 3470 1237 3558 extraor-

4 3631 5 3648 Ν
94 3601 283 3681 dinarium
301 3609 433 3683 contra
449 3604 551 3706 leges
569 3606 758 3684 decretum
784 3631 864 3684 esse
886 3605 1125 3709 supplicium,
1145 3601 1238 3677 satis

4 3735 5 3738 ’
96 3737 310 3817 incredibile
332 3742 447 3838 esth)
472 3765 590 3841 neque
615 3740 662 3817 ad
687 3740 779 3818 illud
804 3739 1076 3819 admittendum
1100 3735 1238 3814 sufficit

132 4071 159 4132 h)
170 4070 269 4124 Contra
280 4073 362 4124 modo
374 4073 481 4123 asserta
492 4073 574 4136 objici
587 4087 648 4138 pos·
681 4075 752 4125 Nam
781 4076 928 4138 antequam
963 4069 1112 4124 Christiani
1140 4067 1236 4118 ultimo

98 4161 332 4226 sotexrmplumS.
343 4161 484 4212 Laurentii
495 4162 649 4214 etaliorum
682 4164 816 4230 supplicio
835 4163 1036 4223 afficiebantur,
1053 4157 1234 4222 subjicieban-

102 4254 274 4312 quorumdam
294 4251 457 4314 quidiverso
475 4253 565 4302 abhis
584 4267 647 4317 sup·
683 4256 729 4305 tur
751 4267 824 4318 saepe
849 4253 933 4304 variis
961 4252 987 4303 ct
1015 4245 1238 4311 exquisitissimis

4 4339 5 4418 i
102 4341 171 4405 plicii
188 4356 288 4408 genera
311 4340 471 4405 interempti
491 4343 563 4391 sunl.
584 4341 649 4393 Haec
669 4341 840 4402 ¹tormentis,
859 4341 931 4405 quod
951 4339 1050 4390 licebat
1061 4349 1111 4401 per
1124 4334 1199 4398 loges
1211 4332 1238 4381 et

100 4433 257 4484 tamennon
279 4431 319 4496 ita
338 4427 450 4481 difficile
468 4429 649 4494 explicantur.
684 4433 794 4485 decreta
817 4432 1027 4498 Imperatorum,
1056 4439 1105 4490 per
1127 4421 1239 4475 modum
