3132 5140
356 471 417 516 car.
441 471 461 514 ι.
485 466 555 514 scra
578 465 648 512 aare
668 465 777 511 courir.
800 464 960 510 aurursus.
1177 451 1235 510 197

101 635 295 714 Callistum
330 638 420 711 tune
457 632 555 709 clero
585 630 816 732 adscriptum
850 628 966 706 fuisse
1000 633 1037 705 el
1070 627 1234 706 clericali

98 768 206 846 alicui
227 769 374 846 muneri
401 766 620 870 praefectum
637 767 687 864 (ι).
717 763 845 852 Quum
870 762 971 839 enim
994 761 1123 840 statim
1145 761 1235 840 infc-

98 904 175 980 rius
200 903 369 1005 legamus
397 927 483 979 eum
506 904 591 1003 post
618 899 762 977 obitum
786 898 953 976 Victoris
978 896 1234 999 aZephyrino

98 1037 204 1138 hujus
220 1061 433 1114 successore
455 1036 700 1139 praepositum
718 1033 834 1111 luisse
853 1031 954 1110 clero
968 1032 1142 1111 Romano
1156 1033 1233 1130 (seu

97 1173 402 1274 prestantissima
425 1171 608 1273 dignitate
637 1169 894 1247 archidiaconi
915 1169 1101 1265 ornatum)
1119 1169 1157 1243 et
1174 1167 1234 1242 de-

95 1307 262 1405 putatum
290 1305 337 1382 ad
364 1305 578 1382 custodiam*
602 1303 822 1392 coemeterii,
853 1303 938 1380 inde
959 1303 1050 1381 satis
1074 1302 1233 1380 habetur

96 1438 213 1538 ipsum
226 1441 308 1539 jam
326 1439 479 1517 Victore
496 1439 535 1517 S.
557 1439 603 1516 P.
620 1438 747 1515 varios
766 1436 951 1515 clericalis
965 1437 1078 1514 officii
1093 1436 1232 1538 gradus

95 1595 177 1648 eum
204 1571 314 1649 laude
345 1573 586 1675 percurrisse.
621 1573 663 1649 ld
698 1577 823 1650 autem
858 1572 992 1650 callide
1020 1571 1234 1650 dissimulat

95 1705 334 1808 Hippolytus
361 1707 594 1785 solummodo
611 1707 767 1785 dicendo
786 1711 1020 1786 menstruum
1038 1707 1070 1784 ei
1090 1708 1231 1785 victum

94 1841 205 1918 luisse
222 1843 469 1944 assignatum.

124 2115 154 2176 (r)
165 2115 204 2166 Ad
219 2115 287 2166 illud
301 2115 394 2166 autem
410 2115 482 2178 quod
495 2115 595 2166 dicitur
607 2117 640 2167 de
676 2138 688 2158 s
702 2117 765 2166 dam
786 2129 890 2179 servus,
907 2115 934 2167 in
955 2117 1097 2168 metallum
1117 2118 1229 2168 damna-

92 2201 275 2268 Carpophoro,
294 2219 358 2256 eum
379 2205 485 2256 scilicet
500 2205 640 2257 obstitisse
674 2229 686 2248 u
702 2207 755 2264 tus,
773 2205 908 2256 beneflcio
926 2205 1067 2271 Principis
1082 2207 1156 2258 esset
1172 2207 1231 2270 jam

92 2303 125 2338 ne
147 2291 273 2344 Callistus
293 2293 389 2344 Romoe
412 2296 640 2355 commoraretur,
676 2317 688 2336 u
702 2308 785 2359 poena
802 2294 954 2346 liberatus:
974 2295 1128 2360 Imperator
1148 2296 1231 2364 Anto-

92 2378 282 2432 advertendum
291 2381 398 2432 nullum
405 2383 463 2446 jam
477 2383 530 2448 ipsi
543 2383 571 2434 in
581 2384 638 2435 Gal·
675 2407 687 2426 n
701 2385 783 2436 ninus
805 2384 959 2436 rectissima
986 2386 1143 2450 rescripsit,
1167 2386 1231 2449 quia

90 2466 181 2520 listum
187 2471 232 2533 jus
245 2471 339 2530 fuisse,
352 2484 437 2534 quum
452 2471 497 2522 lex
513 2471 640 2524 Romana
675 2473 785 2526 esemel
802 2475 907 2526 domini
925 2488 986 2527 essa
1002 2475 1121 2528 desierat
1135 2490 1229 2528 servus

91 2561 294 2620 pronuntiaret:
307 2582 320 2603 a
334 2560 433 2613 Servos
445 2561 472 2612 in
485 2563 638 2626 metallum,
674 2588 686 2609 n
699 2579 789 2630 poenae
801 2568 899 2630 lactus,
913 2581 968 2620 non
980 2579 1042 2619 essa
1059 2569 1162 2620 eumin
1179 2583 1227 2634 po-

92 2647 157 2697 -vel
169 2649 195 2698 in
207 2662 275 2714 opus
287 2649 402 2712 metalli,
415 2652 480 2704 item
497 2652 525 2703 in
542 2653 637 2704 ludum
672 2657 824 2707 ”testatem
856 2658 961 2708 domini
989 2661 1084 2723 postea
1113 2660 1228 2711 redden·

91 2740 282 2792 -rensterium
292 2741 353 2792 dari
365 2741 462 2804 solere,
473 2742 550 2794 nulla
560 2743 637 2793 dubi·
674 2745 773 2795 ndum.
792 2769 805 2788 ν
822 2746 884 2810 Diu.
904 2748 952 2799 lib.
975 2751 1015 2800 48.
1039 2750 1082 2801 tit.
1102 2751 1140 2802 19.
1158 2750 1176 2801 l.
1202 2753 1225 2802 8.

90 2847 101 2858 -
115 2827 178 2878 tatio
199 2831 240 2880 est
254 2846 261 2880 z
275 2832 303 2881 et
320 2830 344 2881 si
363 2831 464 2882 luerint
480 2832 547 2894 dati,
565 2833 637 2884 servi
671 2835 689 2896 ἓ
703 2836 741 2885 12.
754 2863 785 2872 -
799 2835 894 2900 ltaque
906 2851 961 2888 non
973 2839 1036 2901 jura
1052 2839 1167 2903 domini,
1179 2842 1227 2892 aad

90 2937 101 2950 ·
115 2931 198 2980 poeusa
207 2921 382 2973 efficiuntur:
394 2934 444 2973 nec
456 2923 561 2974 adeum
575 2937 634 2989 per·
668 2925 730 2976 odio
742 2926 799 2991 egit
810 2926 1004 2992 Carpophorus
1023 2929 1153 2981 adversus
1164 2928 1225 2981 Cal·

90 3007 235 3063 -tinebunt
256 3014 336 3076 cujus
362 3013 464 3064 luerint
488 3015 635 3078 antequam
668 3013 770 3066 listum.

89 3097 314 3153 -damnarenlur
340 3102 465 3167 Denique
486 3117 549 3154 cum
572 3103 632 3168 qui·
