3170 5134
283 490 284 494 ,
316 439 375 497 llo
552 453 620 499 mss.
645 453 686 498 nr.
710 453 746 498 oa
767 451 895 502 lucrosa
917 455 1220 503 curiosorucunrron.

268 637 269 640 ’
316 619 432 698 allata
456 623 544 698 sunt
564 618 674 697 facile
698 619 802 696 reddi
820 625 942 723 potest
959 622 1049 723 quin
1066 622 1113 699 ad
1140 621 1237 699 hanc
1254 617 1471 699 conclusio·

315 779 400 831 nem
424 753 664 831 deducamur.
688 753 893 846 Nimirum,
913 781 1029 858 quum
1053 756 1225 833 civitates
1249 782 1335 859 quae
1357 757 1469 834 sedes

315 907 423 969 erant
439 891 575 968 horum
593 891 866 993 episcoporum,
887 915 933 968 ex
955 891 1231 968 incursionibus
1249 891 1468 994 praesertim

315 1027 540 1116 Gothorum,
560 1026 620 1104 vel
646 1025 799 1104 omnino
818 1025 1017 1103 destructae
1035 1024 1095 1100 vel
1112 1024 1244 1101 saltem
1270 1023 1318 1101 ad
1336 1024 1465 1101 humi-

312 1162 365 1240 les
383 1185 500 1265 pagos
523 1159 687 1238 reductae
711 1158 883 1248 luissent,
898 1159 980 1261 jam
1002 1159 1041 1235 in
1059 1158 1141 1259 ipsa
1167 1159 1270 1234 Urbe
1288 1157 1465 1235 habitare

312 1297 588 1375 consueverunt
605 1291 768 1394 episcopi
759 1291 1048 1368 suburbicarii
1071 1291 1115 1367 ln
1141 1289 1310 1368 Concilio
1327 1290 1464 1368 Arela-

310 1430 407 1506 tensi
425 1432 552 1506 autem
570 1431 643 1525 lan.
664 1430 747 1525 314)
766 1450 850 1503 ean.
875 1432 920 1504 19
937 1431 1120 1503 statutum
1138 1431 1247 1503 erat:
1273 1427 1369 1503 De
1386 1427 1464 1528 epi-

312 1564 470 1666 scopis
492 1562 698 1666 peregrinis
720 1563 842 1663 quiin
862 1562 1003 1639 Urbem
1025 1560 1146 1639 solent
1163 1560 1293 1638 venire
1314 1561 1463 1663 placuit

311 1737 326 1763 n
348 1701 401 1778 eis
419 1699 544 1777 locum
562 1698 644 1774 dari
662 1701 706 1774 ut
722 1696 883 1774 offerant
903 1733 918 1762 n
937 1700 988 1796 (ι).
1010 1696 1210 1773 Decretum
1228 1697 1357 1798 itaque
1376 1695 1460 1776 Sta

306 1837 421 1940 phani
435 1836 555 1913 videri
573 1837 694 1937 potest
711 1832 912 1935 applicatio
930 1831 1044 1934 hujus
1059 1830 1235 1910 Uarronis.
1258 1877 1305 1887 -
1323 1833 1459 1933 Neque

306 1971 396 2056 item
414 1969 553 2047 mirum
572 1972 628 2044 est
646 1968 839 2047 Romanos
859 1967 1063 2045 Pontifices
1080 1971 1170 2044 tunc
1188 1967 1304 2045 etiam
1320 1969 1457 2070 praeoi-

303 2129 377 2208 pue
398 2129 485 2181 usos
508 2127 588 2180 esse
611 2099 765 2178 illorum
790 2124 904 2202 opera
926 2101 965 2177 in
991 2100 1149 2201 negotiis
1171 2099 1452 2190 ecclesiasticis

303 2264 420 2342 quum
445 2245 482 2317 et
503 2237 601 2340 apud
633 2236 733 2338 ipsos
755 2241 878 2313 essent
900 2242 937 2314 et
965 2237 1031 2313 vix
1058 2237 1328 2316 distinerentur
1358 2265 1455 2318 cura

302 2395 457 2448 suarum
479 2370 734 2446 ecclesiarum.
764 2417 811 2425 —
836 2370 946 2448 Unde
970 2370 1065 2447 nibil
1090 2372 1181 2449 satis
1206 2372 1299 2450 certi
1323 2375 1453 2475 quoad

292 2506 399 2583 banc
418 2529 497 2581 rem
514 2503 630 2581 statui
648 2527 756 2605 posse
773 2501 924 2579 videtur
947 2508 1034 2579 ante
1055 2528 1127 2580 see.
1149 2503 1186 2579 X
1203 2504 1264 2581 vel
1281 2505 1353 2594 XI,
1374 2531 1453 2608 quo

299 2644 466 2742 tempore
483 2639 522 2714 in
544 2637 662 2714 variis
679 2636 911 2714 documentis
930 2637 1174 2714 nominantur
1191 2640 1354 2736 episcopi
1375 2645 1453 2716 Ur-

299 2760 369 2862 bisss
396 2772 560 2870 episcopi
575 2774 740 2860 romoni,
760 2773 925 2868 episcopi
940 2777 1185 2849 collaterales,

350 2943 414 3030 35.
440 2949 500 3025 Ex
516 2946 576 3023 his
594 2947 712 3048 igitur
728 2949 885 3049 apparet
901 2972 1015 3049 quam
1040 2948 1241 3026 arbitrarie
1259 2954 1297 3027 et
1313 2959 1453 3032 contra

298 3107 445 3160 omnem
471 3078 771 3184 probabilitatem
794 3081 1013 3158 historicam
1030 3084 1191 3160 conficta
1215 3085 1265 3162 sit
1282 3087 1449 3188 explica-

296 3217 348 3292 tio
371 3239 484 3317 quam
510 3213 740 3316 probabilem
764 3215 909 3293 censuit
934 3215 1131 3317 Magistris
1153 3221 1190 3294 et
1215 3244 1352 3324 parum
1378 3223 1450 3300 im-

296 3352 481 3462 mutatam
502 3347 657 3425 admisit
677 3349 831 3424 Bunsen
856 3352 906 3449 (a).
937 3396 984 3405 -—
1005 3352 1093 3428 Jam
1115 3353 1213 3453 quod
1236 3355 1374 3433 attinet
1397 3359 1445 3434 ad

295 3483 507 3585 opinionem
537 3481 737 3582 Ruggieri,
769 3484 934 3584 profecto
963 3484 1073 3562 valde
1103 3488 1244 3563 mirum
1270 3499 1443 3593 apparet,

293 3617 383 3694 dum
412 3620 468 3694 tot
493 3616 707 3693 testimonia
736 3615 916 3694 habemus
946 3619 1010 3696 ubi
1041 3619 1274 3723 Hippolytus
1305 3623 1446 3703 diserte

294 3751 428 3829 Romae
457 3751 666 3853 episcopua,
682 3731 1010 3856 ‘Archiepiscopus
1041 3757 1093 3854 (a),
1126 3755 1358 3834 Patriarcha
1388 3762 1441 3856 (4),

294 3886 402 3986 Papa
424 3887 461 3984 (5)
487 3884 712 3987 appellatur,
738 3886 885 3963 nullum
909 3889 1061 3966 omnino
1085 3891 1247 3988 proferri
1273 3893 1443 3993 potuisse

324 4172 355 4239 (1)
369 4172 469 4232 Manet,
484 4171 564 4224 Cone.
578 4174 597 4223 t.
612 4172 647 4224 11.
664 4186 691 4237 p.
704 4161 761 4225 473.
910 4179 939 4242 (a)
952 4179 1025 4230 Test.
1040 4179 1098 4230 111.
1117 4179 1287 4244 2lAppeud.
1302 4197 1368 4251 pag.
1381 4179 1439 4246 24).

323 4264 353 4323 (a)
366 4261 448 4324 Hipp.
463 4277 491 4314 u.
504 4265 577 4312 scine
589 4259 658 4324 Zcit,
671 4263 690 4312 t.
705 4262 726 4314 l.
740 4278 767 4327 p.
783 4265 841 4315 145-
909 4271 939 4330 (a)
950 4269 1008 4319 111.
1020 4269 1054 4330 33
1068 4269 1121 4319 lv.
1131 4267 1168 4326 22
1181 4269 1236 4320 VI.
1247 4273 1305 4334 47,
1321 4275 1378 4337 48,
1388 4277 1440 4336 52.

289 4356 346 4407 250.
878 4361 923 4413 54
948 4367 1020 4414 extr.
1049 4362 1184 4428 (append.
1211 4377 1295 4432 pagg.
1321 4363 1371 4436 24,
1394 4367 1444 4438 28,
1575 4365 1576 4377 ¹

320 4455 350 4514 (a)
362 4451 436 4502 Test.
454 4451 495 4502 11.
511 4451 550 4504 1⁷
566 4451 700 4517 (Append.
712 4465 776 4518 pag.
788 4449 843 4519 28).
877 4451 927 4522 86,
943 4453 995 4523 87).
1016 4487 1049 4497 -
1069 4459 1111 4510 Ex
1129 4458 1211 4512 titulo
1228 4461 1315 4527 Papae
1334 4465 1442 4518 nullam
