3180 5134
295 429 332 485 62
779 443 895 489 hornan.
921 433 961 486 Η.
1031 405 1033 414 ’

295 609 411 664 Esaiam
424 607 598 678 prophetam
618 608 728 664 clamat
744 607 775 664 et
794 609 888 665 dicit:
905 608 1065 678 Populus
1084 609 1154 666 istc
1176 611 1285 669 labiis
1308 613 1463 670 honori-

295 705 384 761 ficat
403 721 465 770 me,
482 720 543 760 cor
563 719 649 760 vero
669 719 796 761 corum
819 705 926 774 longe
945 706 1155 776 separatum
1175 709 1230 764 est
1248 723 1267 764 a
1284 724 1344 766 mc.
1367 711 1463 766 Sine

294 819 406 862 causa
428 805 547 860 autam
567 804 779 872 columma,
802 803 977 860 mandata
999 805 1034 860 et
1052 804 1245 862 doctrinas
1268 808 1463 865 hominum

294 902 471 958 docentes.
487 903 558 956 ltcm
571 903 711 956 Dominus
721 901 752 956 in
762 901 917 971 cvangelio
928 901 1090 971 increpans
1101 903 1239 961 similiter
1248 905 1278 962 61
1290 905 1463 975 objurgans

294 998 377 1068 ponit
395 998 426 1054 et
444 997 516 1053 dicit
536 1017 545 1053 :
565 997 732 1067 Rejicitis
751 998 955 1054 mandatum
978 1001 1039 1055 liei
1059 1002 1099 1056 ut
1121 999 1357 1060 traditionem
1379 1017 1463 1060 vcs-

292 1096 386 1152 tram
405 1095 588 1178 statuatis.
607 1095 699 1164 Cuius
713 1096 854 1166 praecepti
868 1111 984 1152 memor
997 1096 1103 1152 beatus
1117 1098 1269 1168 apostolus
1282 1100 1463 1156 commonet

292 1193 355 1261 ipse
377 1205 493 1261 quoque
512 1190 542 1246 ct
560 1189 683 1247 instruit
704 1190 827 1248 dicens:
851 1192 885 1248 Si
906 1194 985 1262 quis
1005 1192 1114 1250 alitor
1134 1193 1247 1262 docet,
1265 1195 1300 1252 ct
1315 1210 1383 1251 non
1400 1209 1462 1252 ac-

292 1288 446 1358 quiescit
464 1289 561 1344 sanis
582 1287 706 1343 verbis
726 1288 863 1343 Domini
882 1289 966 1344 lesu
981 1288 1114 1346 Christi
1127 1289 1347 1346 ctdoctrinac
1360 1290 1459 1360 ojus,

214 1418 215 1422 =
293 1386 439 1455 stupore
458 1384 575 1441 elatus
590 1385 660 1454 cst,
680 1384 773 1440 nihil
790 1385 918 1453 sciens,
938 1385 1080 1442 discede
1097 1385 1139 1442 ab
1158 1386 1374 1457 hujusmodi.

329 1521 357 1574 4.
384 1543 397 1566 n
421 1519 571 1574 Praeclara
594 1531 664 1574 sane
689 1517 720 1574 et
746 1516 880 1587 legitima
904 1516 1026 1573 traditio
1053 1517 1200 1587 Stephano
1227 1497 1320 1573 fratre
1346 1515 1459 1573 nostro

292 1619 414 1674 docente
434 1617 619 1686 proponitur,
634 1630 701 1686 quae
718 1615 932 1671 auctoritatem
954 1615 1036 1671 nobis
1054 1615 1191 1671 idoneam
1209 1615 1351 1687 praebeat.
1373 1617 1458 1672 Nam

291 1717 320 1772 in
334 1715 438 1771 codem
452 1715 516 1770 loco
530 1714 662 1794 epistolae
676 1728 739 1770 suae
760 1713 876 1769 addidit
894 1715 925 1768 et
942 1713 1072 1783 adjecit:
1095 1715 1177 1769 Cum
1195 1713 1262 1784 ipsi
1283 1713 1457 1770 haeretici

169 1867 172 1874 ,
291 1813 435 1883 proprie
464 1812 685 1868 alterutrum
711 1811 753 1867 ad
779 1826 815 1868 se
844 1812 1032 1868 venientes
1061 1827 1127 1868 non
1158 1812 1353 1882 baptizent,
1388 1813 1457 1868 sed

291 1909 552 1966 communicent
569 1909 720 1965 tantum.
735 1909 778 1965 nd
792 1909 848 1964 hoc
861 1909 939 1964 enim
953 1907 1101 1964 malorum
1114 1909 1255 1966 devoluta
1265 1908 1310 1965 cst
1322 1908 1458 1964 ecclesia

290 2005 342 2061 Dei
362 2005 392 2061 et
415 2019 522 2076 sponsa
538 2007 647 2062 Christi
664 2007 698 2062 ut
718 2006 928 2062 haereticorum
946 2005 1084 2075 exempla
1104 2006 1245 2071 sectetur,
1263 2006 1297 2060 ut
1315 2004 1352 2060 ad
1370 2003 1454 2060 cele-

290 2087 403 2158 branda
420 2101 608 2158 sacramenta
621 2103 758 2158 coelestia
770 2102 955 2172 disciplinam
970 2102 1022 2157 lux
1038 2101 1075 2156 de
1088 2101 1218 2157 tenebris
1236 2098 1401 2166 mutuetur,
1417 2101 1455 2156 ct

290 2197 319 2252 id
342 2197 452 2254 faciant
474 2198 627 2254 christiani
651 2199 729 2268 quod
757 2199 925 2255 antichristi
948 2198 1072 2254 faciunt.
1100 2200 1171 2263 Quae
1196 2213 1268 2254 vero
1290 2197 1336 2253 est
1354 2197 1453 2254 animi

291 2293 422 2360 caecitas,
443 2309 509 2363 quae
526 2295 668 2364 pravitas,
683 2295 751 2350 fidei
772 2295 915 2351 unitatem
932 2294 969 2349 de
984 2297 1041 2350 Ceo
1059 2296 1149 2350 Patre
1162 2295 1194 2350 et
1205 2294 1241 2349 dc
1252 2295 1321 2350 lesu
1336 2292 1458 2349 Christi

290 2391 406 2444 Domini
428 2390 459 2445 et
476 2390 527 2446 Dei
543 2391 637 2445 nostri
656 2391 814 2447 traditione
834 2391 1001 2448 venicntcm
1019 2391 1097 2447 nolle
1115 2392 1308 2461 cognosceret
1328 2393 1403 2445 Nam
1421 2393 1451 2447 si

289 2487 397 2544 iccirco
417 2478 496 2558 apud
516 2488 672 2545 haereticos
695 2490 820 2546 ecclesia
840 2504 898 2546 non
917 2489 974 2557 est,
991 2491 1060 2559 quia
1078 2505 1138 2546 una
1157 2489 1204 2545 cst
1226 2487 1365 2545 et'dividi
1386 2497 1450 2544 non

288 2585 438 2654 potestat
454 2586 478 2642 ai
492 2587 558 2642 idco
571 2587 632 2642 illic
655 2587 783 2657 Spiritus
797 2587 923 2644 Sanctus
936 2601 995 2642 non
1009 2586 1065 2653 cst,
1080 2585 1149 2655 quia
1165 2601 1242 2642 unus
1259 2585 1314 2654 est,
1332 2586 1364 2642 et
1380 2601 1450 2642 esse

289 2680 367 2751 apud
387 2682 526 2752 profanos
547 2683 577 2738 et
595 2684 754 2739 extraneos
774 2699 832 2739 non
851 2683 958 2754 potest.
977 2683 1079 2752 utique
1098 2683 1129 2739 ct
1146 2682 1302 2752 baptisma,
1317 2682 1396 2753 quod
1416 2683 1449 2738 in

289 2777 391 2834 cadem
406 2781 521 2835 unitate
534 2779 678 2846 consistit,
694 2795 758 2836 esse
772 2779 849 2850 apud
864 2779 1021 2836 haereticos
1035 2794 1093 2835 non
1106 2779 1213 2850 potest,
1229 2780 1298 2848 quia
1310 2780 1447 2848 separari

201 2915 203 2919 -
289 2888 383 2942 neque
396 2874 433 2931 ab
446 2875 572 2932 ecclesia
584 2891 706 2945 ncquea
720 2877 828 2946 Spiritu
844 2877 951 2933 Sancto
965 2875 1072 2946 potest.

324 3021 353 3074 5.
370 3045 383 3067 n
398 3021 457 3076 hut
475 3020 501 3076 si
520 3021 657 3077 ellectum
671 3020 809 3091 baptismi
823 3019 974 3090 maiestati
994 3020 1122 3075 nominis
1136 3019 1282 3086 tribuunt,
1292 3019 1332 3076 ut
1348 3020 1399 3090 qni
1415 3021 1446 3076 in

287 3117 404 3172 nomine
423 3119 492 3173 lesu
515 3118 626 3174 Christi
644 3118 822 3187 ubicumque
840 3118 870 3173 et
892 3118 1169 3188 quomodocumque
1187 3118 1385 3189 baptizantur,
1400 3119 1447 3174 in-

287 3212 388 3268 novati
404 3213 434 3268 et
450 3213 626 3270 sanctificati
637 3214 822 3283 judicentur,
844 3229 899 3270 cur
915 3229 974 3269 non
996 3213 1025 3268 in
1043 3214 1176 3283 ejusdcm
1196 3213 1304 3271 Christi
1323 3215 1446 3270 nomine

286 3307 390 3364 illicet
403 3310 670 3379 manus-baptizato
680 3309 850 3380 imponetur
859 3308 897 3364 ad
911 3309 1119 3379 accipiendum
1133 3309 1275 3379 Spiritum
1288 3309 1442 3377 Sanctum,

286 3419 341 3459 cur
353 3405 454 3461 eadem
469 3406 608 3476 maiestas
620 3407 745 3462 nominis
757 3423 814 3463 non
827 3406 972 3477 praevalet
985 3407 1016 3462 in
1031 3420 1138 3462 manus
1151 3406 1338 3475 impositione
1351 3421 1444 3476 quam

287 3499 415 3556 valuisse
434 3501 615 3558 contendunt
632 3503 663 3557 in
682 3503 821 3572 baptismi
841 3502 1094 3559 sanctificationel
1118 3504 1193 3558 Nam
1210 3502 1237 3558 si
1259 3503 1357 3572 potest
1376 3503 1445 3572 quis

285 3599 372 3654 extra
385 3599 540 3657 ecclesiam
560 3601 648 3658 natus
667 3602 811 3671 templum
832 3603 883 3657 Dei
906 3601 981 3668 lieri,
1003 3615 1058 3657 cur
1076 3615 1136 3655 non
1155 3600 1249 3670 possit
1266 3614 1357 3670 super
1369 3601 1445 3656 tem-

286 3695 368 3765 plum
382 3696 412 3752 et
425 3697 551 3766 Spiritus
562 3698 687 3754 Sanctus
700 3697 830 3753 infundit
845 3697 900 3763 Qui
914 3697 994 3752 enim
1007 3695 1137 3766 peccatis
1152 3695 1181 3749 in
1196 3694 1341 3764 baptismo
1352 3709 1443 3765 expo-

218 3780 220 3784 ’
285 3792 350 3848 sitis
369 3793 570 3851 sanctificatus
584 3796 629 3850 est
644 3796 675 3852 et
692 3795 722 3850 in
737 3809 847 3850 novum
868 3793 1021 3849 bominem
1038 3788 1234 3861 spiritualiter
1247 3789 1441 3858 reformatus,

285 3889 322 3945 ed
340 3892 542 3960 accipiendum
560 3892 702 3962 Spiritum
721 3893 862 3948 Sanctum
881 3890 1006 3946 idoneus
1025 3887 1122 3944 lactus
1144 3886 1339 3959 estquandc
1356 3901 1443 3956 apos·

285 3987 364 4044 tolus
387 3989 476 4054 dicat,
501 3992 679 4059 Quotquot
704 3991 737 4045 in
765 3989 907 4046 Christo
934 3986 1106 4057 baptizati
1131 3983 1232 4051 estis,
1259 3983 1441 4040 Christum

285 4085 342 4142 ind
351 4086 469 4150 uictis,
490 4087 539 4156 qui
552 4087 650 4156 potest
662 4087 739 4156 apud
754 4086 910 4142 haereticos
924 4081 1075 4140 Christum
1088 4080 1222 4151 inducre,
1235 4080 1331 4135 multo
1345 4079 1441 4148 magis

286 4181 387 4250 potest
411 4181 555 4251 Spiritum
578 4185 728 4253 Sanctum,
743 4197 830 4253 quem
856 4180 991 4236 Christus
1010 4178 1101 4245 misit,
1128 4175 1273 4245 accipere.
1301 4175 1439 4232 Ceterum

283 4278 381 4348 major
398 4278 456 4334 erit
472 4279 611 4349 mittente¹
626 4279 676 4350 qui
692 4279 801 4335 missus
820 4279 876 4344 est,
894 4277 929 4333 ut
941 4275 1063 4345 incipiat
1075 4273 1148 4348 loris
1161 4272 1327 4341 baptizatus
1341 4269 1438 4327 Chris·

282 4373 346 4429 tum
366 4373 484 4442 quidem
502 4374 643 4442 induisse,
664 4375 715 4431 scd
736 4373 881 4444 Spiritum
898 4371 1041 4429 Sanctum
1054 4385 1112 4425 non
1127 4369 1259 4438 potuisse
1272 4367 1436 4441 percipere,
