3170 5134
357 395 425 460 ,lua
606 412 675 458 mss.
700 415 740 460 ιιι.
764 415 800 460 ou
820 415 948 462 rocrous
968 415 1264 464 rnrrosoruounrron.

365 577 500 655 effossa
529 583 651 657 estet
680 577 824 656 nullam
858 581 1120 660 ecclesiasticae
1150 583 1346 684 dignitatis
1381 589 1500 663 notam
1564 587 1565 592 ‘

365 731 442 810 prae
460 733 500 785 se
523 708 621 786 serre
638 711 685 788 ab
703 710 783 814 ipso
801 711 938 790 dicitur
956 717 1005 814 (ι).

416 897 474 980 21.
500 917 590 981 VII.
621 901 788 1002 Denique
814 901 1063 1005 Hippolytum
1087 903 1301 1007 episcopum
1325 905 1500 982 Portuen-

363 1064 441 1116 sem
475 1037 590 1114 fuisse
624 1037 811 1140 praecipue
844 1045 1130 1142 propugnarunt
1159 1039 1355 1119 Ruoomru
1390 1043 1434 1139 (a)
1466 1045 1500 1116 et

364 1175 493 1253 Simon
523 1199 572 1250 os
598 1173 811 1252 Maorsrrus
837 1177 888 1273 (a),
921 1179 1076 1278 uterque
1102 1176 1262 1279 scriptor
1292 1175 1494 1255 Romanus

362 1309 623 1388 Fundamenta
646 1335 724 1386 suae
748 1311 942 1388 sententiae
965 1311 1128 1390 afferunt
1153 1312 1317 1414 quinque
1341 1311 1498 1389 testimo

361 1443 424 1530 nia
448 1466 562 1544 supra
584 1441 699 1519 citata
720 1445 771 1542 (ι),
795 1447 832 1520 et
862 1449 1044 1546 praeterea
1065 1446 1304 1524 traditionem
1330 1451 1497 1524 constan-

358 1583 434 1657 tem
453 1579 491 1655 in
516 1578 671 1658 Oriente
692 1579 737 1655 de
762 1579 969 1683 Hippolyto
986 1582 1158 1686 episcopo
1176 1584 1362 1662 Romano.
1393 1585 1497 1661 Hanc

359 1721 458 1798 enim
477 1719 613 1796 nedum
631 1745 709 1797 suae
735 1721 929 1800 sententiae
946 1722 1153 1814 adversari,
1174 1724 1248 1800 imo
1271 1723 1434 1801 maxime
1449 1722 1497 1799 la·

358 1882 446 1936 vere
464 1859 572 1960 putat
589 1855 774 1957 Ruggieri
792 1859 803 1955 l
820 1859 842 1954 l.

406 2057 467 2140 22.
490 2059 541 2135 At
567 2057 719 2134 obstat:
746 2063 780 2132 l⁰
801 2056 908 2146 Quod
937 2057 1063 2135 nullus
1089 2059 1249 2162 scriptor
1269 2060 1409 2138 latinus
1434 2085 1494 2138 seu

356 2193 608 2277 Occidentalis
628 2191 797 2270 meminit
817 2219 984 2296 unquam
1004 2195 1200 2298 Hippolyti
1220 2197 1383 2300 episcopi
1404 2199 1493 2274 Por·

309 2413 310 2416 ,
354 2323 511 2421 tuensis,
537 2331 569 2408 si
594 2330 689 2407 forte
712 2329 877 2431 excipias
900 2329 1174 2432 martyrologos
1198 2356 1269 2408 sec.
1297 2331 1352 2408 IX
1377 2337 1492 2436 poste·

355 2469 472 2546 riores
491 2469 541 2565 (cl.
563 2465 613 2542 Et
629 2463 823 2566 speciatim
847 2463 1108 2542 Hmnournos
1126 2465 1171 2541 de
1188 2465 1272 2542 sede
1294 2466 1491 2543 Portuensi

352 2602 550 2705 Hippolyti
581 2625 699 2701 neque
729 2599 940 2701 suspicatus
970 2600 1119 2702 quidem
1145 2601 1294 2677 videtur
1312 2604 1362 2700 (ι).
1388 2602 1491 2678 Atta·

351 2766 450 2830 men,
486 2740 517 2816 si
553 2737 783 2839 Hippolytus
816 2735 1011 2814 eeclesiam
1041 2738 1132 2815 adeo
1162 2739 1296 2817 Romae
1329 2739 1490 2815 vicinam
1564 2781 1565 2786 ι

351 2874 520 2962 rexisset,
540 2874 640 2949 certe
660 2869 697 2947 id
721 2870 978 2948 Occidentales
1000 2871 1124 2973 potius
1146 2895 1259 2973 quam
1282 2869 1490 2950 Orientales
1564 2849 1565 2858 l

349 3011 458 3087 facile
481 3005 617 3083 rescire
640 3009 852 3106 potuerunt.
880 3010 919 3081 2⁰
943 3004 1104 3083 Obstant
1128 3002 1341 3082 testimonia
1358 3003 1427 3080 illa
1449 3003 1491 3078 de

349 3145 434 3222 sede
455 3143 643 3224 Romana.
668 3165 752 3241 quae
777 3139 888 3216 nimis
912 3139 1022 3216 facile
1044 3139 1338 3241 praetermittunt
1365 3141 1489 3215 aucto-
1564 3191 1565 3250 ι

349 3303 407 3356 res
426 3279 534 3356 istius
553 3274 758 3353 sententiae.
775 3275 874 3352 Haec
892 3274 974 3375 Jam
992 3273 1208 3376 diligentius
1226 3271 1486 3350 examinanda.

349 3413 480 3514 Itaque

398 3601 460 3684 23·
482 3616 595 3682 VIII.
622 3599 740 3676 Nemo
764 3597 957 3700 hucusque
982 3595 1214 3674 existimavit
1240 3593 1488 3696 Hippolytum

348 3763 476 3846 reapse
494 3737 609 3814 fuisse
626 3734 839 3838 episcopum
858 3733 1088 3848 Romanum,
1108 3759 1223 3836 quum
1246 3757 1432 3834 nusquam
1451 3733 1487 3809 in
1564 3793 1565 3826 ,

378 4067 407 4130 (ι)
420 4066 479 4118 Ιιιιο
491 4063 634 4115 exhibetur
651 4062 750 4114 sedens
762 4061 789 4111 in
802 4061 894 4112 catha·
962 4059 991 4122 (ι)
1003 4061 1037 4111 N.
1055 4061 1094 4122 13,
1106 4072 1134 4112 c·

347 4157 397 4206 dra
409 4170 415 4204 :
429 4153 501 4218 quod
516 4152 589 4203 certe
605 4150 765 4215 episcopum
782 4151 897 4200 ccclesiae
963 4149 992 4212 (ι)
1005 4149 1060 4199 cfr.
1075 4148 1147 4199 infra
1159 4147 1192 4198 N.
1207 4149 1246 4198 24.

345 4249 457 4308 indicat.
966 4245 1146 4312 (elTost.V1.
1159 4245 1203 4296 42
1212 4243 1346 4309 (append.
1357 4257 1421 4308 pag.
1431 4239 1483 4304 85).

376 4347 405 4408 (r)
418 4343 472 4395 cn.
486 4355 569 4407 supra
580 4355 642 4408 pag.
658 4341 712 4392 llo.
727 4341 782 4392 not.
796 4341 819 4392 2.
967 4341 997 4405 ιι)
1009 4340 1082 4394 Test.
1097 4341 1121 4394 1.
1134 4343 1156 4392 4
1168 4339 1301 4405 (Appaud.
1316 4353 1379 4404 pag.
1390 4334 1442 4396 18).

376 4433 405 4498 (ι)
418 4431 469 4496 Op.
479 4431 524 4483 cit.
537 4430 603 4484 ibid.
615 4445 640 4495 p.
652 4430 709 4482 363.
