<?xml version="1.0" encoding="UTF-8"?>
<!DOCTYPE html PUBLIC "-//W3C//DTD XHTML 1.0 Transitional//EN"
    "http://www.w3.org/TR/xhtml1/DTD/xhtml1-transitional.dtd">
<html xmlns="http://www.w3.org/1999/xhtml" xml:lang="en" lang="en">
 <head>
  <title>
</title>
<meta http-equiv="Content-Type" content="text/html;charset=utf-8" />
  <meta name='ocr-system' content='tesseract 3.04.00' />
  <meta name='ocr-capabilities' content='ocr_page ocr_carea ocr_par ocr_line ocrx_word'/>
</head>
<body>
  <div class='ocr_page' id='page_1' title='image "./dissertationess00smedgoog_0289.png"; bbox 0 0 3154 5134; ppageno 0'>
   <div class='ocr_carea' id='block_1_1' title="bbox 360 423 1268 482">
    <p class='ocr_par' dir='ltr' id='par_1_1' title="bbox 360 423 1268 482">
     <span class='ocr_line' id='line_1_1' title="bbox 360 423 1268 482; baseline -0.007 -1"><span class='ocrx_word' id='word_1_1' title='bbox 360 423 419 482; x_wconf 71' lang='lat' dir='ltr'><strong>iit</strong></span> <span class='ocrx_word' id='word_1_2' title='bbox 586 434 656 480; x_wconf 81' lang='lat' dir='ltr'><strong>mss</strong></span> <span class='ocrx_word' id='word_1_3' title='bbox 679 435 708 480; x_wconf 93' lang='lat' dir='ltr'><strong>v.</strong></span> <span class='ocrx_word' id='word_1_4' title='bbox 732 435 768 479; x_wconf 85' lang='lat' dir='ltr'><strong>ne</strong></span> <span class='ocrx_word' id='word_1_5' title='bbox 788 433 926 480; x_wconf 81' lang='lat' dir='ltr'><strong>comnov.</strong></span> <span class='ocrx_word' id='word_1_6' title='bbox 950 433 1031 480; x_wconf 83' lang='lat' dir='ltr'><strong>cmm</strong></span> <span class='ocrx_word' id='word_1_7' title='bbox 1052 431 1136 478; x_wconf 76' lang='lat' dir='ltr'><strong>einr.</strong></span> <span class='ocrx_word' id='word_1_8' title='bbox 1160 431 1268 476; x_wconf 79' lang='lat' dir='ltr'><strong>unam.</strong></span> 
     </span>
    </p>
   </div>
   <div class='ocr_carea' id='block_1_2' title="bbox 313 569 1555 1780">
    <p class='ocr_par' dir='ltr' id='par_1_2' title="bbox 313 569 1555 1780">
     <span class='ocr_line' id='line_1_2' title="bbox 359 569 1555 694; baseline -0.007 -24"><span class='ocrx_word' id='word_1_9' title='bbox 359 600 537 671; x_wconf 74' lang='lat' dir='ltr'><strong>cathedra</strong></span> <span class='ocrx_word' id='word_1_10' title='bbox 566 593 694 681; x_wconf 93' lang='lat' dir='ltr'><strong>edunt,</strong></span> <span class='ocrx_word' id='word_1_11' title='bbox 727 591 924 694; x_wconf 85' lang='lat' dir='ltr'><strong>privilegio</strong></span> <span class='ocrx_word' id='word_1_12' title='bbox 955 590 1171 667; x_wconf 86' lang='lat' dir='ltr'><strong>inerrantiae</strong></span> <span class='ocrx_word' id='word_1_13' title='bbox 1201 588 1395 689; x_wconf 82' lang='lat' dir='ltr'><strong>gaudere:</strong></span> <span class='ocrx_word' id='word_1_14' title='bbox 1422 587 1494 663; x_wconf 88' lang='lat' dir='ltr'><strong>haec</strong></span> <span class='ocrx_word' id='word_1_15' title='bbox 1554 569 1555 634; x_wconf 60' lang='lat'>3</span> 
     </span>
     <span class='ocr_line' id='line_1_3' title="bbox 359 722 1495 828; baseline -0.005 -26"><span class='ocrx_word' id='word_1_16' title='bbox 359 728 513 815; x_wconf 89' lang='lat' dir='ltr'><strong>veritas,</strong></span> <span class='ocrx_word' id='word_1_17' title='bbox 533 727 700 827; x_wconf 87' lang='lat' dir='ltr'><strong>inquam,</strong></span> <span class='ocrx_word' id='word_1_18' title='bbox 720 725 911 828; x_wconf 84' lang='lat' dir='ltr'><strong>exprimi,</strong></span> <span class='ocrx_word' id='word_1_19' title='bbox 931 723 1083 805; x_wconf 89' lang='lat' dir='ltr'><strong>exord-io</strong></span> <span class='ocrx_word' id='word_1_20' title='bbox 1101 722 1214 824; x_wconf 88' lang='lat' dir='ltr'><strong>hujus</strong></span> <span class='ocrx_word' id='word_1_21' title='bbox 1228 723 1377 799; x_wconf 91' lang='lat' dir='ltr'><strong>numeri</strong></span> <span class='ocrx_word' id='word_1_22' title='bbox 1390 748 1495 799; x_wconf 91' lang='lat' dir='ltr'><strong>enun-</strong></span> 
     </span>
     <span class='ocr_line' id='line_1_4' title="bbox 358 839 1555 952; baseline -0.005 -13"><span class='ocrx_word' id='word_1_23' title='bbox 358 863 467 952; x_wconf 87' lang='lat' dir='ltr'><strong>tiata,</strong></span> <span class='ocrx_word' id='word_1_24' title='bbox 486 865 565 940; x_wconf 89' lang='lat' dir='ltr'><strong>tam</strong></span> <span class='ocrx_word' id='word_1_25' title='bbox 587 860 689 938; x_wconf 84' lang='lat' dir='ltr'><strong>facili</strong></span> <span class='ocrx_word' id='word_1_26' title='bbox 711 865 747 938; x_wconf 89' lang='lat' dir='ltr'><strong>et</strong></span> <span class='ocrx_word' id='word_1_27' title='bbox 774 859 984 937; x_wconf 88' lang='lat' dir='ltr'><strong>necessaria</strong></span> <span class='ocrx_word' id='word_1_28' title='bbox 1007 859 1268 935; x_wconf 89' lang='lat' dir='ltr'><strong>consecutione</strong></span> <span class='ocrx_word' id='word_1_29' title='bbox 1292 859 1438 936; x_wconf 90' lang='lat' dir='ltr'><strong>eruitur</strong></span> <span class='ocrx_word' id='word_1_30' title='bbox 1458 863 1494 934; x_wconf 91' lang='lat' dir='ltr'><strong>ut</strong></span> <span class='ocrx_word' id='word_1_31' title='bbox 1554 839 1555 908; x_wconf 44' lang='lat'>³</span> 
     </span>
     <span class='ocr_line' id='line_1_5' title="bbox 313 991 1555 1106; baseline -0.003 -33"><span class='ocrx_word' id='word_1_32' title='bbox 313 991 317 1000; x_wconf 80' lang='lat'>&#39;</span> <span class='ocrx_word' id='word_1_33' title='bbox 359 997 497 1072; x_wconf 91' lang='lat' dir='ltr'><strong>mirum</strong></span> <span class='ocrx_word' id='word_1_34' title='bbox 526 995 647 1073; x_wconf 91' lang='lat' dir='ltr'><strong>videri</strong></span> <span class='ocrx_word' id='word_1_35' title='bbox 678 995 822 1084; x_wconf 89' lang='lat' dir='ltr'><strong>debeat,</strong></span> <span class='ocrx_word' id='word_1_36' title='bbox 854 995 891 1070; x_wconf 93' lang='lat' dir='ltr'><strong>id</strong></span> <span class='ocrx_word' id='word_1_37' title='bbox 922 993 1092 1095; x_wconf 85' lang='lat' dir='ltr'><strong>aliquem¹</strong></span> <span class='ocrx_word' id='word_1_38' title='bbox 1107 1017 1274 1095; x_wconf 91' lang='lat' dir='ltr'><strong>unquam</strong></span> <span class='ocrx_word' id='word_1_39' title='bbox 1297 993 1416 1072; x_wconf 87' lang='lat' dir='ltr'><strong>latere</strong></span> <span class='ocrx_word' id='word_1_40' title='bbox 1437 1019 1493 1096; x_wconf 93' lang='lat' dir='ltr'><strong>po·</strong></span> <span class='ocrx_word' id='word_1_41' title='bbox 1554 1027 1555 1106; x_wconf 34' lang='grc' dir='ltr'>ᾗ</span> 
     </span>
     <span class='ocr_line' id='line_1_6' title="bbox 357 1127 1555 1238; baseline -0.004 -31"><span class='ocrx_word' id='word_1_42' title='bbox 357 1130 486 1208; x_wconf 90' lang='lat' dir='ltr'><strong>tuisse.</strong></span> <span class='ocrx_word' id='word_1_43' title='bbox 518 1131 695 1207; x_wconf 77' lang='lat' dir='ltr'><strong>Attamen</strong></span> <span class='ocrx_word' id='word_1_44' title='bbox 725 1128 823 1205; x_wconf 92' lang='lat' dir='ltr'><strong>hanc</strong></span> <span class='ocrx_word' id='word_1_45' title='bbox 853 1128 1096 1230; x_wconf 79' lang='lat' dir='ltr'><strong>posteriorem</strong></span> <span class='ocrx_word' id='word_1_46' title='bbox 1118 1127 1317 1204; x_wconf 87' lang='lat' dir='ltr'><strong>veritatem</strong></span> <span class='ocrx_word' id='word_1_47' title='bbox 1339 1132 1410 1204; x_wconf 82' lang='lat' dir='ltr'><strong>sud</strong></span> <span class='ocrx_word' id='word_1_48' title='bbox 1433 1131 1493 1204; x_wconf 80' lang='lat' dir='ltr'><strong>itio</strong></span> <span class='ocrx_word' id='word_1_49' title='bbox 1554 1197 1555 1238; x_wconf 16' lang='grc' dir='ltr'>ᾗ</span> 
     </span>
     <span class='ocr_line' id='line_1_7' title="bbox 358 1261 1492 1365; baseline -0.006 -22"><span class='ocrx_word' id='word_1_50' title='bbox 358 1269 536 1343; x_wconf 80' lang='lat' dir='ltr'><strong>distincto</strong></span> <span class='ocrx_word' id='word_1_51' title='bbox 565 1270 738 1360; x_wconf 82' lang='lat' dir='ltr'><strong>formato</strong></span> <span class='ocrx_word' id='word_1_52' title='bbox 760 1264 924 1365; x_wconf 84' lang='lat' dir='ltr'><strong>antiquis</strong></span> <span class='ocrx_word' id='word_1_53' title='bbox 949 1263 995 1339; x_wconf 87' lang='lat' dir='ltr'><strong>iis</strong></span> <span class='ocrx_word' id='word_1_54' title='bbox 1019 1261 1248 1363; x_wconf 78' lang='lat' dir='ltr'><strong>temporibus</strong></span> <span class='ocrx_word' id='word_1_55' title='bbox 1270 1263 1492 1364; x_wconf 80' lang='lat' dir='ltr'><strong>propositam</strong></span> 
     </span>
     <span class='ocr_line' id='line_1_8' title="bbox 357 1396 1555 1512; baseline -0.004 -36"><span class='ocrx_word' id='word_1_56' title='bbox 357 1426 431 1477; x_wconf 91' lang='lat' dir='ltr'><strong>non</strong></span> <span class='ocrx_word' id='word_1_57' title='bbox 460 1400 644 1488; x_wconf 72' lang='lat' dir='ltr'><strong>videmus</strong></span> <span class='ocrx_word' id='word_1_58' title='bbox 676 1423 720 1476; x_wconf 88' lang='lat' dir='ltr'><strong>ae</strong></span> <span class='ocrx_word' id='word_1_59' title='bbox 750 1398 905 1499; x_wconf 91' lang='lat' dir='ltr'><strong>proinde</strong></span> <span class='ocrx_word' id='word_1_60' title='bbox 934 1398 1030 1474; x_wconf 85' lang='lat' dir='ltr'><strong>forte</strong></span> <span class='ocrx_word' id='word_1_61' title='bbox 1054 1396 1301 1498; x_wconf 89' lang='lat' dir='ltr'><strong>judicandum</strong></span> <span class='ocrx_word' id='word_1_62' title='bbox 1331 1402 1390 1476; x_wconf 87' lang='lat' dir='ltr'><strong>est</strong></span> <span class='ocrx_word' id='word_1_63' title='bbox 1417 1423 1490 1474; x_wconf 87' lang='lat' dir='ltr'><strong>eam</strong></span> <span class='ocrx_word' id='word_1_64' title='bbox 1554 1501 1555 1512; x_wconf 9' lang='grc' dir='ltr'>ἵ</span> 
     </span>
     <span class='ocr_line' id='line_1_9' title="bbox 355 1533 1491 1636; baseline -0.001 -25"><span class='ocrx_word' id='word_1_65' title='bbox 355 1540 444 1612; x_wconf 91' lang='lat' dir='ltr'><strong>tuno</strong></span> <span class='ocrx_word' id='word_1_66' title='bbox 465 1571 481 1600; x_wconf 70' lang='lat' dir='ltr'><strong><em>a</em></strong></span> <span class='ocrx_word' id='word_1_67' title='bbox 502 1561 573 1611; x_wconf 94' lang='lat' dir='ltr'><strong>usu</strong></span> <span class='ocrx_word' id='word_1_68' title='bbox 591 1539 628 1612; x_wconf 88' lang='lat' dir='ltr'><strong>et</strong></span> <span class='ocrx_word' id='word_1_69' title='bbox 645 1535 753 1636; x_wconf 82' lang='lat' dir='ltr'><strong>praxi</strong></span> <span class='ocrx_word' id='word_1_70' title='bbox 771 1535 892 1634; x_wconf 81' lang='lat' dir='ltr'><strong>magis</strong></span> <span class='ocrx_word' id='word_1_71' title='bbox 912 1558 1025 1635; x_wconf 87' lang='lat' dir='ltr'><strong>quam</strong></span> <span class='ocrx_word' id='word_1_72' title='bbox 1043 1533 1247 1610; x_wconf 83' lang='lat' dir='ltr'><strong>theoretica</strong></span> <span class='ocrx_word' id='word_1_73' title='bbox 1267 1538 1304 1611; x_wconf 92' lang='lat' dir='ltr'><strong>et</strong></span> <span class='ocrx_word' id='word_1_74' title='bbox 1321 1534 1491 1610; x_wconf 87' lang='lat' dir='ltr'><strong>distincta</strong></span> 
     </span>
     <span class='ocr_line' id='line_1_10' title="bbox 354 1667 1555 1780; baseline -0.004 -35"><span class='ocrx_word' id='word_1_75' title='bbox 354 1668 606 1770; x_wconf 88' lang='lat' dir='ltr'><strong>propositione</strong></span> <span class='ocrx_word' id='word_1_76' title='bbox 635 1692 679 1743; x_wconf 89' lang='lat' dir='ltr'><strong>ac</strong></span> <span class='ocrx_word' id='word_1_77' title='bbox 708 1667 864 1743; x_wconf 89' lang='lat' dir='ltr'><strong>instanti</strong></span> <span class='ocrx_word' id='word_1_78' title='bbox 888 1667 1151 1768; x_wconf 88' lang='lat' dir='ltr'><strong>praedicatione</strong></span> <span class='ocrx_word' id='word_1_79' title='bbox 1177 1703 1192 1732; x_wconf 65' lang='lat' dir='ltr'>n</span> <span class='ocrx_word' id='word_1_80' title='bbox 1221 1667 1337 1743; x_wconf 86' lang='lat' dir='ltr'><strong>fuisse</strong></span> <span class='ocrx_word' id='word_1_81' title='bbox 1361 1667 1489 1744; x_wconf 89' lang='lat' dir='ltr'><strong>admis-</strong></span> <span class='ocrx_word' id='word_1_82' title='bbox 1554 1709 1555 1780; x_wconf 12' lang='grc' dir='ltr'>ὲ</span> 
     </span>
    </p>
   </div>
   <div class='ocr_carea' id='block_1_3' title="bbox 341 1812 1555 4072">
    <p class='ocr_par' dir='ltr' id='par_1_3' title="bbox 341 1799 1555 4072">
     <span class='ocr_line' id='line_1_11' title="bbox 354 1812 1489 1913; baseline -0.004 -22"><span class='ocrx_word' id='word_1_83' title='bbox 354 1840 435 1892; x_wconf 91' lang='lat' dir='ltr'><strong>sam</strong></span> <span class='ocrx_word' id='word_1_84' title='bbox 459 1817 509 1913; x_wconf 81' lang='grc' dir='ltr'><strong>(ι).</strong></span> <span class='ocrx_word' id='word_1_85' title='bbox 538 1815 620 1890; x_wconf 91' lang='lat' dir='ltr'><strong>Hoc</strong></span> <span class='ocrx_word' id='word_1_86' title='bbox 644 1817 770 1890; x_wconf 87' lang='lat' dir='ltr'><strong>autem</strong></span> <span class='ocrx_word' id='word_1_87' title='bbox 793 1818 895 1890; x_wconf 90' lang='lat' dir='ltr'><strong>statu</strong></span> <span class='ocrx_word' id='word_1_88' title='bbox 918 1838 1045 1889; x_wconf 87' lang='lat' dir='ltr'><strong>rerum</strong></span> <span class='ocrx_word' id='word_1_89' title='bbox 1068 1837 1142 1890; x_wconf 93' lang='lat' dir='ltr'><strong>non</strong></span> <span class='ocrx_word' id='word_1_90' title='bbox 1167 1813 1220 1888; x_wconf 88' lang='lat' dir='ltr'><strong>ita</strong></span> <span class='ocrx_word' id='word_1_91' title='bbox 1238 1812 1391 1890; x_wconf 88' lang='lat' dir='ltr'><strong>difficile</strong></span> <span class='ocrx_word' id='word_1_92' title='bbox 1416 1813 1489 1889; x_wconf 87' lang='lat' dir='ltr'><strong>fieri</strong></span> 
     </span>
     <span class='ocr_line' id='line_1_12' title="bbox 353 1948 1489 2051; baseline -0.001 -25"><span class='ocrx_word' id='word_1_93' title='bbox 353 1950 477 2051; x_wconf 90' lang='lat' dir='ltr'><strong>potuit</strong></span> <span class='ocrx_word' id='word_1_94' title='bbox 493 1952 535 2025; x_wconf 95' lang='lat' dir='ltr'><strong>ut</strong></span> <span class='ocrx_word' id='word_1_95' title='bbox 553 1973 712 2049; x_wconf 91' lang='lat' dir='ltr'><strong>quorum</strong></span> <span class='ocrx_word' id='word_1_96' title='bbox 730 1949 917 2026; x_wconf 89' lang='lat' dir='ltr'><strong>mentibus</strong></span> <span class='ocrx_word' id='word_1_97' title='bbox 936 1948 1195 2050; x_wconf 86' lang='lat' dir='ltr'><strong>praejudicium</strong></span> <span class='ocrx_word' id='word_1_98' title='bbox 1213 1949 1258 2025; x_wconf 91' lang='lat' dir='ltr'><strong>de</strong></span> <span class='ocrx_word' id='word_1_99' title='bbox 1274 1951 1489 2028; x_wconf 83' lang='lat' dir='ltr'><strong>certitudine</strong></span> 
     </span>
     <span class='ocr_line' id='line_1_13' title="bbox 354 2081 1488 2182; baseline 0.002 -25"><span class='ocrx_word' id='word_1_100' title='bbox 354 2081 516 2182; x_wconf 85' lang='lat' dir='ltr'><strong>alicujus</strong></span> <span class='ocrx_word' id='word_1_101' title='bbox 541 2106 621 2158; x_wconf 88' lang='lat' dir='ltr'><strong>suae</strong></span> <span class='ocrx_word' id='word_1_102' title='bbox 639 2083 834 2158; x_wconf 84' lang='lat' dir='ltr'><strong>sententiae</strong></span> <span class='ocrx_word' id='word_1_103' title='bbox 852 2081 926 2159; x_wconf 90' lang='lat' dir='ltr'><strong>alte</strong></span> <span class='ocrx_word' id='word_1_104' title='bbox 943 2081 1152 2171; x_wconf 90' lang='lat' dir='ltr'><strong>insedisset,</strong></span> <span class='ocrx_word' id='word_1_105' title='bbox 1172 2082 1213 2171; x_wconf 92' lang='lat' dir='ltr'><strong>ii,</strong></span> <span class='ocrx_word' id='word_1_106' title='bbox 1233 2083 1295 2159; x_wconf 93' lang='lat' dir='ltr'><strong>ubi</strong></span> <span class='ocrx_word' id='word_1_107' title='bbox 1314 2109 1398 2162; x_wconf 90' lang='lat' dir='ltr'><strong>eam</strong></span> <span class='ocrx_word' id='word_1_108' title='bbox 1416 2110 1488 2160; x_wconf 92' lang='lat' dir='ltr'><strong>sen·</strong></span> 
     </span>
     <span class='ocr_line' id='line_1_14' title="bbox 351 2216 1555 2295; baseline -0.002 -1"><span class='ocrx_word' id='word_1_109' title='bbox 351 2219 507 2294; x_wconf 87' lang='lat' dir='ltr'><strong>tentiam</strong></span> <span class='ocrx_word' id='word_1_110' title='bbox 535 2217 668 2294; x_wconf 89' lang='lat' dir='ltr'><strong>deinde</strong></span> <span class='ocrx_word' id='word_1_111' title='bbox 697 2243 721 2294; x_wconf 88' lang='lat' dir='ltr'><strong>a</strong></span> <span class='ocrx_word' id='word_1_112' title='bbox 750 2216 925 2295; x_wconf 89' lang='lat' dir='ltr'><strong>Romano</strong></span> <span class='ocrx_word' id='word_1_113' title='bbox 951 2216 1135 2292; x_wconf 89' lang='lat' dir='ltr'><strong>Pontifice</strong></span> <span class='ocrx_word' id='word_1_114' title='bbox 1165 2216 1368 2293; x_wconf 82' lang='lat' dir='ltr'><strong>refutatam</strong></span> <span class='ocrx_word' id='word_1_115' title='bbox 1392 2217 1486 2292; x_wconf 80' lang='lat' dir='ltr'><strong>vide</strong></span> <span class='ocrx_word' id='word_1_116' title='bbox 1554 2271 1555 2284; x_wconf 35' lang='lat' dir='ltr'><strong>t</strong></span> 
     </span>
     <span class='ocr_line' id='line_1_15' title="bbox 351 2350 1486 2454; baseline -0.003 -26"><span class='ocrx_word' id='word_1_117' title='bbox 351 2356 447 2440; x_wconf 90' lang='lat' dir='ltr'><strong>rent,</strong></span> <span class='ocrx_word' id='word_1_118' title='bbox 469 2354 549 2453; x_wconf 87' lang='lat' dir='ltr'><strong>jam</strong></span> <span class='ocrx_word' id='word_1_119' title='bbox 571 2352 610 2427; x_wconf 95' lang='lat' dir='ltr'><strong>in</strong></span> <span class='ocrx_word' id='word_1_120' title='bbox 635 2356 731 2428; x_wconf 86' lang='lat' dir='ltr'><strong>aestu</strong></span> <span class='ocrx_word' id='word_1_121' title='bbox 754 2350 1033 2439; x_wconf 88' lang='lat' dir='ltr'><strong>controversiae,</strong></span> <span class='ocrx_word' id='word_1_122' title='bbox 1057 2375 1131 2427; x_wconf 94' lang='lat' dir='ltr'><strong>non</strong></span> <span class='ocrx_word' id='word_1_123' title='bbox 1153 2350 1302 2450; x_wconf 92' lang='lat' dir='ltr'><strong>quidem</strong></span> <span class='ocrx_word' id='word_1_124' title='bbox 1320 2351 1486 2454; x_wconf 90' lang='lat' dir='ltr'><strong>explicite</strong></span> 
     </span>
     <span class='ocr_line' id='line_1_16' title="bbox 349 2481 1555 2588; baseline -0.003 -24"><span class='ocrx_word' id='word_1_125' title='bbox 349 2492 387 2564; x_wconf 87' lang='lat' dir='ltr'><strong>et</strong></span> <span class='ocrx_word' id='word_1_126' title='bbox 416 2485 631 2574; x_wconf 81' lang='lat' dir='ltr'><strong>theoretice,</strong></span> <span class='ocrx_word' id='word_1_127' title='bbox 664 2484 727 2562; x_wconf 93' lang='lat' dir='ltr'><strong>sed</strong></span> <span class='ocrx_word' id='word_1_128' title='bbox 753 2486 917 2587; x_wconf 87' lang='lat' dir='ltr'><strong>practice</strong></span> <span class='ocrx_word' id='word_1_129' title='bbox 943 2485 1239 2562; x_wconf 78' lang='lat' dir='ltr'><strong>contradicerent</strong></span> <span class='ocrx_word' id='word_1_130' title='bbox 1264 2485 1378 2588; x_wconf 89' lang='lat' dir='ltr'><strong>capiti</strong></span> <span class='ocrx_word' id='word_1_131' title='bbox 1408 2486 1485 2561; x_wconf 87' lang='lat' dir='ltr'><strong>doc·</strong></span> <span class='ocrx_word' id='word_1_132' title='bbox 1554 2481 1555 2552; x_wconf 57' lang='lat' dir='ltr'><strong>i</strong></span> 
     </span>
     <span class='ocr_line' id='line_1_17' title="bbox 347 2618 1485 2722; baseline -0.003 -25"><span class='ocrx_word' id='word_1_133' title='bbox 347 2621 459 2697; x_wconf 86' lang='lat' dir='ltr'><strong>trinae</strong></span> <span class='ocrx_word' id='word_1_134' title='bbox 480 2619 579 2720; x_wconf 91' lang='lat' dir='ltr'><strong>quod</strong></span> <span class='ocrx_word' id='word_1_135' title='bbox 598 2618 693 2696; x_wconf 91' lang='lat' dir='ltr'><strong>alias</strong></span> <span class='ocrx_word' id='word_1_136' title='bbox 715 2619 860 2696; x_wconf 88' lang='lat' dir='ltr'><strong>sincero</strong></span> <span class='ocrx_word' id='word_1_137' title='bbox 882 2625 919 2696; x_wconf 89' lang='lat' dir='ltr'><strong>et</strong></span> <span class='ocrx_word' id='word_1_138' title='bbox 939 2645 1076 2722; x_wconf 86' lang='lat' dir='ltr'><strong>magno</strong></span> <span class='ocrx_word' id='word_1_139' title='bbox 1093 2621 1220 2697; x_wconf 87' lang='lat' dir='ltr'><strong>animo</strong></span> <span class='ocrx_word' id='word_1_140' title='bbox 1241 2621 1485 2720; x_wconf 86' lang='lat' dir='ltr'><strong>defendissent</strong></span> 
     </span>
     <span class='ocr_line' id='line_1_18' title="bbox 347 2754 1484 2858; baseline -0.002 -28"><span class='ocrx_word' id='word_1_141' title='bbox 347 2754 408 2831; x_wconf 91' lang='lat' dir='ltr'><strong>vel</strong></span> <span class='ocrx_word' id='word_1_142' title='bbox 425 2754 539 2831; x_wconf 89' lang='lat' dir='ltr'><strong>etiam</strong></span> <span class='ocrx_word' id='word_1_143' title='bbox 558 2754 812 2832; x_wconf 89' lang='lat' dir='ltr'><strong>defenderant.</strong></span> <span class='ocrx_word' id='word_1_144' title='bbox 835 2755 953 2857; x_wconf 84' lang='lat' dir='ltr'><strong>Cujus</strong></span> <span class='ocrx_word' id='word_1_145' title='bbox 972 2755 1026 2832; x_wconf 89' lang='lat' dir='ltr'><strong>rei</strong></span> <span class='ocrx_word' id='word_1_146' title='bbox 1043 2755 1255 2857; x_wconf 89' lang='lat' dir='ltr'><strong>exemplum</strong></span> <span class='ocrx_word' id='word_1_147' title='bbox 1276 2755 1427 2858; x_wconf 84' lang='lat' dir='ltr'><strong>aliquod</strong></span> <span class='ocrx_word' id='word_1_148' title='bbox 1444 2779 1484 2830; x_wconf 84' lang='lat' dir='ltr'><strong>ex</strong></span> 
     </span>
     <span class='ocr_line' id='line_1_19' title="bbox 346 2890 1483 2997; baseline 0.002 -32"><span class='ocrx_word' id='word_1_149' title='bbox 346 2890 577 2966; x_wconf 88' lang='lat' dir='ltr'><strong>documentis</strong></span> <span class='ocrx_word' id='word_1_150' title='bbox 594 2890 732 2966; x_wconf 88' lang='lat' dir='ltr'><strong>nostris</strong></span> <span class='ocrx_word' id='word_1_151' title='bbox 750 2890 918 2992; x_wconf 84' lang='lat' dir='ltr'><strong>proferre</strong></span> <span class='ocrx_word' id='word_1_152' title='bbox 935 2891 1035 2981; x_wconf 90' lang='lat' dir='ltr'><strong>licet,</strong></span> <span class='ocrx_word' id='word_1_153' title='bbox 1055 2893 1154 2993; x_wconf 91' lang='lat' dir='ltr'><strong>quod</strong></span> <span class='ocrx_word' id='word_1_154' title='bbox 1172 2892 1314 2971; x_wconf 88' lang='lat' dir='ltr'><strong>scilieet</strong></span> <span class='ocrx_word' id='word_1_155' title='bbox 1333 2893 1483 2997; x_wconf 84' lang='lat' dir='ltr'><strong>Cypria·</strong></span> 
     </span>
     <span class='ocr_line' id='line_1_20' title="bbox 346 2993 1555 3128; baseline 0 -28"><span class='ocrx_word' id='word_1_156' title='bbox 346 3051 437 3114; x_wconf 77' lang='lat' dir='ltr'><strong>nuS,</strong></span> <span class='ocrx_word' id='word_1_157' title='bbox 472 3024 537 3125; x_wconf 93' lang='lat' dir='ltr'><strong>qui</strong></span> <span class='ocrx_word' id='word_1_158' title='bbox 571 3024 663 3100; x_wconf 88' lang='lat' dir='ltr'><strong>adeo</strong></span> <span class='ocrx_word' id='word_1_159' title='bbox 697 3023 834 3101; x_wconf 88' lang='lat' dir='ltr'><strong>diserte</strong></span> <span class='ocrx_word' id='word_1_160' title='bbox 875 3029 911 3102; x_wconf 93' lang='lat' dir='ltr'><strong>et</strong></span> <span class='ocrx_word' id='word_1_161' title='bbox 947 3007 1185 3102; x_wconf 84' lang='lat' dir='ltr'><strong>vehementer</strong></span> <span class='ocrx_word' id='word_1_162' title='bbox 1217 3027 1483 3128; x_wconf 77' lang='lat' dir='ltr'><strong>praedicaverat</strong></span> <span class='ocrx_word' id='word_1_163' title='bbox 1554 2993 1555 3012; x_wconf 12' lang='grc' dir='ltr'>ἵ</span> 
     </span>
     <span class='ocr_line' id='line_1_21' title="bbox 346 3141 1555 3260; baseline -0.002 -26"><span class='ocrx_word' id='word_1_164' title='bbox 346 3141 591 3260; x_wconf 87' lang='lat' dir='ltr'><strong>quaecumque</strong></span> <span class='ocrx_word' id='word_1_165' title='bbox 608 3157 655 3234; x_wconf 86' lang='lat' dir='ltr'><strong>ad</strong></span> <span class='ocrx_word' id='word_1_166' title='bbox 678 3159 861 3235; x_wconf 90' lang='lat' dir='ltr'><strong>unitatem</strong></span> <span class='ocrx_word' id='word_1_167' title='bbox 883 3151 1048 3236; x_wconf 87' lang='lat' dir='ltr'><strong>ecclesiae</strong></span> <span class='ocrx_word' id='word_1_168' title='bbox 1073 3159 1252 3236; x_wconf 88' lang='lat' dir='ltr'><strong>tuendam</strong></span> <span class='ocrx_word' id='word_1_169' title='bbox 1277 3162 1478 3247; x_wconf 87' lang='lat' dir='ltr'><strong>conferunt,</strong></span> <span class='ocrx_word' id='word_1_170' title='bbox 1554 3225 1555 3232; x_wconf 72' lang='grc'>,</span> 
     </span>
     <span class='ocr_line' id='line_1_22' title="bbox 344 3290 1555 3396; baseline 0 -29"><span class='ocrx_word' id='word_1_171' title='bbox 344 3292 384 3367; x_wconf 92' lang='lat' dir='ltr'><strong>in</strong></span> <span class='ocrx_word' id='word_1_172' title='bbox 401 3290 472 3367; x_wconf 90' lang='lat' dir='ltr'><strong>hac</strong></span> <span class='ocrx_word' id='word_1_173' title='bbox 495 3292 751 3374; x_wconf 85' lang='lat' dir='ltr'><strong>controversia</strong></span> <span class='ocrx_word' id='word_1_174' title='bbox 773 3317 817 3368; x_wconf 91' lang='lat' dir='ltr'><strong>ea</strong></span> <span class='ocrx_word' id='word_1_175' title='bbox 840 3293 1026 3396; x_wconf 88' lang='lat' dir='ltr'><strong>principia</strong></span> <span class='ocrx_word' id='word_1_176' title='bbox 1048 3293 1207 3396; x_wconf 90' lang='lat' dir='ltr'><strong>protulit</strong></span> <span class='ocrx_word' id='word_1_177' title='bbox 1223 3319 1307 3396; x_wconf 86' lang='lat' dir='ltr'><strong>quae</strong></span> <span class='ocrx_word' id='word_1_178' title='bbox 1324 3295 1480 3372; x_wconf 88' lang='lat' dir='ltr'><strong>maxime</strong></span> <span class='ocrx_word' id='word_1_179' title='bbox 1554 3301 1555 3390; x_wconf 74' lang='lat' dir='ltr'>s</span> 
     </span>
     <span class='ocr_line' id='line_1_23' title="bbox 344 3411 1555 3540; baseline -0.001 -37"><span class='ocrx_word' id='word_1_180' title='bbox 344 3426 478 3540; x_wconf 88' lang='lat' dir='ltr'><strong>unitati</strong></span> <span class='ocrx_word' id='word_1_181' title='bbox 513 3450 557 3502; x_wconf 90' lang='lat' dir='ltr'><strong>ac</strong></span> <span class='ocrx_word' id='word_1_182' title='bbox 592 3425 816 3502; x_wconf 86' lang='lat' dir='ltr'><strong>hierarchiae</strong></span> <span class='ocrx_word' id='word_1_183' title='bbox 850 3427 950 3503; x_wconf 91' lang='lat' dir='ltr'><strong>omni</strong></span> <span class='ocrx_word' id='word_1_184' title='bbox 986 3415 1026 3503; x_wconf 93' lang='lat' dir='ltr'><strong>in</strong></span> <span class='ocrx_word' id='word_1_185' title='bbox 1063 3428 1219 3506; x_wconf 85' lang='lat' dir='ltr'><strong>ecclesia</strong></span> <span class='ocrx_word' id='word_1_186' title='bbox 1252 3427 1478 3505; x_wconf 87' lang='lat' dir='ltr'><strong>destruendae</strong></span> <span class='ocrx_word' id='word_1_187' title='bbox 1554 3411 1555 3440; x_wconf 55' lang='lat'><em>³</em></span> 
     </span>
     <span class='ocr_line' id='line_1_24' title="bbox 343 3562 1478 3667; baseline 0 -27"><span class='ocrx_word' id='word_1_188' title='bbox 343 3568 478 3652; x_wconf 88' lang='lat' dir='ltr'><strong>essent,</strong></span> <span class='ocrx_word' id='word_1_189' title='bbox 497 3563 560 3639; x_wconf 91' lang='lat' dir='ltr'><strong>ubi</strong></span> <span class='ocrx_word' id='word_1_190' title='bbox 579 3562 721 3640; x_wconf 90' lang='lat' dir='ltr'><strong>scilicet</strong></span> <span class='ocrx_word' id='word_1_191' title='bbox 741 3565 832 3641; x_wconf 87' lang='lat' dir='ltr'><strong>satis</strong></span> <span class='ocrx_word' id='word_1_192' title='bbox 851 3565 1025 3642; x_wconf 90' lang='lat' dir='ltr'><strong>distincte</strong></span> <span class='ocrx_word' id='word_1_193' title='bbox 1048 3566 1260 3643; x_wconf 87' lang='lat' dir='ltr'><strong>enuntiavit</strong></span> <span class='ocrx_word' id='word_1_194' title='bbox 1282 3566 1478 3667; x_wconf 90' lang='lat' dir='ltr'><strong>unicuique</strong></span> 
     </span>
     <span class='ocr_line' id='line_1_25' title="bbox 342 3697 1476 3801; baseline -0.001 -26"><span class='ocrx_word' id='word_1_195' title='bbox 342 3699 513 3800; x_wconf 89' lang='lat' dir='ltr'><strong>episcopo</strong></span> <span class='ocrx_word' id='word_1_196' title='bbox 535 3697 685 3798; x_wconf 89' lang='lat' dir='ltr'><strong>plenam</strong></span> <span class='ocrx_word' id='word_1_197' title='bbox 703 3723 782 3775; x_wconf 87' lang='lat' dir='ltr'><strong>esse</strong></span> <span class='ocrx_word' id='word_1_198' title='bbox 800 3703 1017 3801; x_wconf 89' lang='lat' dir='ltr'><strong>potestatem</strong></span> <span class='ocrx_word' id='word_1_199' title='bbox 1040 3701 1080 3776; x_wconf 93' lang='lat' dir='ltr'><strong>in</strong></span> <span class='ocrx_word' id='word_1_200' title='bbox 1097 3726 1166 3778; x_wconf 89' lang='lat' dir='ltr'><strong>sna</strong></span> <span class='ocrx_word' id='word_1_201' title='bbox 1182 3701 1333 3778; x_wconf 88' lang='lat' dir='ltr'><strong>dioecesi</strong></span> <span class='ocrx_word' id='word_1_202' title='bbox 1353 3702 1476 3780; x_wconf 85' lang='lat' dir='ltr'><strong>ovibus</strong></span> 
     </span>
     <span class='ocr_line' id='line_1_26' title="bbox 342 3831 1555 3941; baseline 0.002 -32"><span class='ocrx_word' id='word_1_203' title='bbox 342 3833 419 3909; x_wconf 88' lang='lat' dir='ltr'><strong>suis</strong></span> <span class='ocrx_word' id='word_1_204' title='bbox 445 3831 674 3933; x_wconf 91' lang='lat' dir='ltr'><strong>proponendi</strong></span> <span class='ocrx_word' id='word_1_205' title='bbox 700 3833 879 3934; x_wconf 91' lang='lat' dir='ltr'><strong>quidquid</strong></span> <span class='ocrx_word' id='word_1_206' title='bbox 902 3835 948 3910; x_wconf 89' lang='lat' dir='ltr'><strong>ad</strong></span> <span class='ocrx_word' id='word_1_207' title='bbox 973 3860 1103 3912; x_wconf 90' lang='lat' dir='ltr'><strong>earum</strong></span> <span class='ocrx_word' id='word_1_208' title='bbox 1125 3837 1285 3913; x_wconf 89' lang='lat' dir='ltr'><strong>salntem</strong></span> <span class='ocrx_word' id='word_1_209' title='bbox 1307 3843 1474 3941; x_wconf 89' lang='lat' dir='ltr'><strong>opportu-</strong></span> <span class='ocrx_word' id='word_1_210' title='bbox 1554 3881 1555 3930; x_wconf 75' lang='lat'><em>5</em></span> 
     </span>
     <span class='ocr_line' id='line_1_27' title="bbox 341 3963 1555 4072; baseline 0.001 -29"><span class='ocrx_word' id='word_1_211' title='bbox 341 3966 424 4044; x_wconf 90' lang='lat' dir='ltr'><strong>nius</strong></span> <span class='ocrx_word' id='word_1_212' title='bbox 443 3963 672 4064; x_wconf 87' lang='lat' dir='ltr'><strong>judicaverit</strong></span> <span class='ocrx_word' id='word_1_213' title='bbox 697 3989 741 4041; x_wconf 87' lang='lat' dir='ltr'><strong>ac</strong></span> <span class='ocrx_word' id='word_1_214' title='bbox 765 3965 835 4041; x_wconf 91' lang='lat' dir='ltr'><strong>soii</strong></span> <span class='ocrx_word' id='word_1_215' title='bbox 859 3966 937 4044; x_wconf 89' lang='lat' dir='ltr'><strong>Deo</strong></span> <span class='ocrx_word' id='word_1_216' title='bbox 959 3968 1004 4045; x_wconf 92' lang='lat' dir='ltr'><strong>de</strong></span> <span class='ocrx_word' id='word_1_217' title='bbox 1028 3969 1142 4070; x_wconf 85' lang='lat' dir='ltr'><strong>hujus</strong></span> <span class='ocrx_word' id='word_1_218' title='bbox 1163 3972 1358 4072; x_wconf 85' lang='lat' dir='ltr'><strong>potestatis</strong></span> <span class='ocrx_word' id='word_1_219' title='bbox 1381 3995 1475 4047; x_wconf 83' lang='lat' dir='ltr'><strong>exer·</strong></span> <span class='ocrx_word' id='word_1_220' title='bbox 1554 3969 1555 4064; x_wconf 71' lang='lat' dir='ltr'>s</span> 
     </span>
    </p>
   </div>
   <div class='ocr_carea' id='block_1_4' title="bbox 334 4245 1470 4481">
    <p class='ocr_par' dir='ltr' id='par_1_4' title="bbox 334 4245 1470 4481">
     <span class='ocr_line' id='line_1_28' title="bbox 369 4245 1470 4313; baseline 0.005 -16"><span class='ocrx_word' id='word_1_221' title='bbox 369 4246 398 4313; x_wconf 84' lang='lat'><strong>(1)</strong></span> <span class='ocrx_word' id='word_1_222' title='bbox 411 4245 466 4297; x_wconf 83' lang='lat' dir='ltr'><strong>Gir.</strong></span> <span class='ocrx_word' id='word_1_223' title='bbox 478 4258 539 4308; x_wconf 72' lang='lat' dir='ltr'><strong>quae</strong></span> <span class='ocrx_word' id='word_1_224' title='bbox 550 4246 584 4296; x_wconf 88' lang='lat' dir='ltr'><strong>de</strong></span> <span class='ocrx_word' id='word_1_225' title='bbox 596 4246 778 4311; x_wconf 79' lang='lat' dir='ltr'><strong>explicatione</strong></span> <span class='ocrx_word' id='word_1_226' title='bbox 790 4248 891 4299; x_wconf 81' lang='lat' dir='ltr'><strong>doctri·</strong></span> <span class='ocrx_word' id='word_1_227' title='bbox 926 4253 1045 4302; x_wconf 81' lang='lat' dir='ltr'><strong>ravimus</strong></span> <span class='ocrx_word' id='word_1_228' title='bbox 1072 4251 1176 4303; x_wconf 79' lang='lat' dir='ltr'><strong>Introd.</strong></span> <span class='ocrx_word' id='word_1_229' title='bbox 1203 4252 1302 4306; x_wconf 80' lang='lat' dir='ltr'><strong>Gener.</strong></span> <span class='ocrx_word' id='word_1_230' title='bbox 1328 4255 1415 4308; x_wconf 83' lang='lat' dir='ltr'><strong>Trect.</strong></span> <span class='ocrx_word' id='word_1_231' title='bbox 1439 4251 1470 4304; x_wconf 87' lang='grc' dir='ltr'><strong>ΙΙ.</strong></span> 
     </span>
     <span class='ocr_line' id='line_1_29' title="bbox 337 4333 1227 4408; baseline 0.008 -22"><span class='ocrx_word' id='word_1_232' title='bbox 337 4349 379 4386; x_wconf 82' lang='lat' dir='ltr'><strong>nae</strong></span> <span class='ocrx_word' id='word_1_233' title='bbox 388 4333 532 4386; x_wconf 82' lang='lat' dir='ltr'><strong>catholicae</strong></span> <span class='ocrx_word' id='word_1_234' title='bbox 540 4345 573 4384; x_wconf 88' lang='lat' dir='ltr'><strong>ex</strong></span> <span class='ocrx_word' id='word_1_235' title='bbox 583 4335 643 4386; x_wconf 84' lang='lat' dir='ltr'><strong>Em.</strong></span> <span class='ocrx_word' id='word_1_236' title='bbox 656 4335 736 4387; x_wconf 75' lang='lat' dir='ltr'><strong>Garri.</strong></span> <span class='ocrx_word' id='word_1_237' title='bbox 748 4337 894 4390; x_wconf 84' lang='lat' dir='ltr'><strong>Franzeiin</strong></span> <span class='ocrx_word' id='word_1_238' title='bbox 927 4339 961 4392; x_wconf 93' lang='lat' dir='ltr'><strong>N.</strong></span> <span class='ocrx_word' id='word_1_239' title='bbox 975 4343 1033 4394; x_wconf 80' lang='lat'>9-12</span> <span class='ocrx_word' id='word_1_240' title='bbox 1047 4345 1118 4408; x_wconf 72' lang='lat' dir='ltr'><strong>(pag.</strong></span> <span class='ocrx_word' id='word_1_241' title='bbox 1132 4344 1227 4400; x_wconf 84' lang='grc'>57-61).</span> 
     </span>
     <span class='ocr_line' id='line_1_30' title="bbox 334 4421 892 4481; baseline 0.009 -5"><span class='ocrx_word' id='word_1_242' title='bbox 334 4425 454 4476; x_wconf 80' lang='lat' dir='ltr'><strong>tractatu</strong></span> <span class='ocrx_word' id='word_1_243' title='bbox 464 4423 505 4474; x_wconf 87' lang='lat' dir='ltr'><strong>De</strong></span> <span class='ocrx_word' id='word_1_244' title='bbox 513 4421 612 4474; x_wconf 81' lang='lat' dir='ltr'><strong>Divina</strong></span> <span class='ocrx_word' id='word_1_245' title='bbox 625 4424 782 4478; x_wconf 80' lang='lat' dir='ltr'><strong>Tradiitone</strong></span> <span class='ocrx_word' id='word_1_246' title='bbox 793 4443 892 4481; x_wconf 87' lang='lat' dir='ltr'><strong>memo·</strong></span> 
     </span>
    </p>
   </div>
   <div class='ocr_carea' id='block_1_5' title="bbox 0 0 1582 5134">
    <p class='ocr_par' dir='ltr' id='par_1_5' title="bbox 0 0 1582 5134">
     <span class='ocr_line' id='line_1_31' title="bbox 0 0 1582 5134; baseline 0 6"><span class='ocrx_word' id='word_1_247' title='bbox 0 0 1582 5134; x_wconf 95' lang='lat' dir='ltr'><strong> </strong></span> 
     </span>
    </p>
   </div>
  </div>
 </body>
</html>
