<?xml version="1.0" encoding="UTF-8"?>
<!DOCTYPE html PUBLIC "-//W3C//DTD XHTML 1.0 Transitional//EN"
    "http://www.w3.org/TR/xhtml1/DTD/xhtml1-transitional.dtd">
<html xmlns="http://www.w3.org/1999/xhtml" xml:lang="en" lang="en">
 <head>
  <title>
</title>
<meta http-equiv="Content-Type" content="text/html;charset=utf-8" />
  <meta name='ocr-system' content='tesseract 3.04.00' />
  <meta name='ocr-capabilities' content='ocr_page ocr_carea ocr_par ocr_line ocrx_word'/>
</head>
<body>
  <div class='ocr_page' id='page_1' title='image "./dissertationess00smedgoog_0090.png"; bbox 0 0 3208 5150; ppageno 0'>
   <div class='ocr_carea' id='block_1_1' title="bbox 303 473 1254 532">
    <p class='ocr_par' dir='ltr' id='par_1_1' title="bbox 303 473 1254 532">
     <span class='ocr_line' id='line_1_1' title="bbox 303 473 1254 532; baseline 0.005 -7"><span class='ocrx_word' id='word_1_1' title='bbox 303 481 366 526; x_wconf 72' lang='lat' dir='ltr'>car.</span> <span class='ocrx_word' id='word_1_2' title='bbox 389 482 428 526; x_wconf 92' lang='grc' dir='ltr'>ιιι.</span> <span class='ocrx_word' id='word_1_3' title='bbox 451 482 543 527; x_wconf 78' lang='lat' dir='ltr'>oraru</span> <span class='ocrx_word' id='word_1_4' title='bbox 564 483 666 528; x_wconf 79' lang='lat' dir='ltr'>rimor</span> <span class='ocrx_word' id='word_1_5' title='bbox 689 481 803 527; x_wconf 80' lang='lat' dir='ltr'>nsnnos</span> <span class='ocrx_word' id='word_1_6' title='bbox 824 481 1077 528; x_wconf 73' lang='grc' dir='ltr'><strong>ιιιιεοιιιιιιιιιιιιιιτ.</strong></span> <span class='ocrx_word' id='word_1_7' title='bbox 1217 473 1254 532; x_wconf 77' lang='grc'>75</span> 
     </span>
    </p>
   </div>
   <div class='ocr_carea' id='block_1_2' title="bbox 103 645 1279 1019">
    <p class='ocr_par' dir='ltr' id='par_1_2' title="bbox 103 645 1279 1019">
     <span class='ocr_line' id='line_1_2' title="bbox 104 645 1253 754; baseline -0.002 -25"><span class='ocrx_word' id='word_1_8' title='bbox 104 652 282 754; x_wconf 84' lang='lat' dir='ltr'>professo</span> <span class='ocrx_word' id='word_1_9' title='bbox 313 645 505 724; x_wconf 90' lang='lat' dir='ltr'>historiam</span> <span class='ocrx_word' id='word_1_10' title='bbox 535 646 647 746; x_wconf 89' lang='lat' dir='ltr'>hujus</span> <span class='ocrx_word' id='word_1_11' title='bbox 678 646 945 724; x_wconf 87' lang='lat' dir='ltr'>controversiae</span> <span class='ocrx_word' id='word_1_12' title='bbox 974 648 1110 738; x_wconf 87' lang='lat' dir='ltr'>texuit,</span> <span class='ocrx_word' id='word_1_13' title='bbox 1143 650 1253 728; x_wconf 88' lang='lat' dir='ltr'>docu-</span> 
     </span>
     <span class='ocr_line' id='line_1_3' title="bbox 103 769 1279 884; baseline 0 -22"><span class='ocrx_word' id='word_1_14' title='bbox 103 789 240 862; x_wconf 90' lang='lat' dir='ltr'>menta</span> <span class='ocrx_word' id='word_1_15' title='bbox 257 783 359 859; x_wconf 88' lang='lat' dir='ltr'>illius</span> <span class='ocrx_word' id='word_1_16' title='bbox 375 807 453 884; x_wconf 86' lang='lat' dir='ltr'>prae</span> <span class='ocrx_word' id='word_1_17' title='bbox 470 781 641 858; x_wconf 87' lang='lat' dir='ltr'>manibus</span> <span class='ocrx_word' id='word_1_18' title='bbox 660 780 799 858; x_wconf 89' lang='lat' dir='ltr'>habens</span> <span class='ocrx_word' id='word_1_19' title='bbox 818 786 855 857; x_wconf 91' lang='lat' dir='ltr'>ot</span> <span class='ocrx_word' id='word_1_20' title='bbox 872 780 976 858; x_wconf 92' lang='lat' dir='ltr'>nullo</span> <span class='ocrx_word' id='word_1_21' title='bbox 993 783 1158 884; x_wconf 87' lang='lat' dir='ltr'>partium</span> <span class='ocrx_word' id='word_1_22' title='bbox 1176 769 1253 863; x_wconf 90' lang='lat' dir='ltr'>stu·</span> <span class='ocrx_word' id='word_1_23' title='bbox 1277 826 1279 830; x_wconf 95' lang='lat'>·</span> 
     </span>
     <span class='ocr_line' id='line_1_4' title="bbox 104 917 771 1019; baseline -0.006 -21"><span class='ocrx_word' id='word_1_24' title='bbox 104 922 172 998; x_wconf 89' lang='lat' dir='ltr'>dio</span> <span class='ocrx_word' id='word_1_25' title='bbox 191 924 260 998; x_wconf 86' lang='lat' dir='ltr'>aut</span> <span class='ocrx_word' id='word_1_26' title='bbox 276 917 479 1019; x_wconf 78' lang='lat' dir='ltr'>indigentia</span> <span class='ocrx_word' id='word_1_27' title='bbox 496 942 619 994; x_wconf 87' lang='lat' dir='ltr'>causae</span> <span class='ocrx_word' id='word_1_28' title='bbox 637 921 771 995; x_wconf 89' lang='lat' dir='ltr'>motus.</span> 
     </span>
    </p>
   </div>
   <div class='ocr_carea' id='block_1_3' title="bbox 45 1083 1255 2129">
    <p class='ocr_par' dir='ltr' id='par_1_3' title="bbox 45 1083 1255 2129">
     <span class='ocr_line' id='line_1_5' title="bbox 162 1083 1251 1187; baseline -0.007 -19"><span class='ocrx_word' id='word_1_29' title='bbox 162 1086 229 1168; x_wconf 85' lang='grc'>24.</span> <span class='ocrx_word' id='word_1_30' title='bbox 252 1087 309 1164; x_wconf 81' lang='lat' dir='ltr'>nd</span> <span class='ocrx_word' id='word_1_31' title='bbox 333 1092 382 1162; x_wconf 72' lang='grc' dir='ltr'>2ΠΙ</span> <span class='ocrx_word' id='word_1_32' title='bbox 405 1085 455 1163; x_wconf 92' lang='lat' dir='ltr'>R.</span> <span class='ocrx_word' id='word_1_33' title='bbox 482 1083 616 1159; x_wconf 80' lang='lat' dir='ltr'>Verbis</span> <span class='ocrx_word' id='word_1_34' title='bbox 640 1084 878 1185; x_wconf 89' lang='lat' dir='ltr'>sequentibus</span> <span class='ocrx_word' id='word_1_35' title='bbox 901 1087 937 1181; x_wconf 86' lang='grc' dir='ltr'>(ι)</span> <span class='ocrx_word' id='word_1_36' title='bbox 963 1083 1146 1160; x_wconf 83' lang='lat' dir='ltr'>Eusebius</span> <span class='ocrx_word' id='word_1_37' title='bbox 1170 1111 1251 1187; x_wconf 91' lang='lat' dir='ltr'>per-</span> 
     </span>
     <span class='ocr_line' id='line_1_6' title="bbox 106 1218 1253 1326; baseline -0.002 -26"><span class='ocrx_word' id='word_1_38' title='bbox 106 1224 240 1326; x_wconf 90' lang='lat' dir='ltr'>spicue</span> <span class='ocrx_word' id='word_1_39' title='bbox 270 1219 358 1298; x_wconf 88' lang='lat' dir='ltr'>dicit</span> <span class='ocrx_word' id='word_1_40' title='bbox 387 1219 577 1296; x_wconf 80' lang='lat' dir='ltr'>Victorem</span> <span class='ocrx_word' id='word_1_41' title='bbox 608 1218 829 1295; x_wconf 76' lang='lat' dir='ltr'>sententiam</span> <span class='ocrx_word' id='word_1_42' title='bbox 858 1219 1253 1300; x_wconf 80' lang='lat' dir='ltr'>excommunicationis</span> 
     </span>
     <span class='ocr_line' id='line_1_7' title="bbox 45 1355 1252 1460; baseline 0.001 -25"><span class='ocrx_word' id='word_1_43' title='bbox 45 1405 48 1408; x_wconf 95' lang='lat'>-</span> <span class='ocrx_word' id='word_1_44' title='bbox 107 1361 245 1435; x_wconf 89' lang='lat' dir='ltr'>contra</span> <span class='ocrx_word' id='word_1_45' title='bbox 266 1355 425 1432; x_wconf 82' lang='lat' dir='ltr'>Asianos</span> <span class='ocrx_word' id='word_1_46' title='bbox 451 1356 724 1456; x_wconf 80' lang='lat' dir='ltr'>pronuntiasse.</span> <span class='ocrx_word' id='word_1_47' title='bbox 752 1355 874 1443; x_wconf 90' lang='lat' dir='ltr'>Unde,</span> <span class='ocrx_word' id='word_1_48' title='bbox 901 1355 932 1431; x_wconf 91' lang='lat' dir='ltr'>si</span> <span class='ocrx_word' id='word_1_49' title='bbox 956 1355 1084 1457; x_wconf 84' lang='lat' dir='ltr'>aliqua</span> <span class='ocrx_word' id='word_1_50' title='bbox 1108 1357 1165 1432; x_wconf 87' lang='lat' dir='ltr'>vis</span> <span class='ocrx_word' id='word_1_51' title='bbox 1189 1383 1252 1460; x_wconf 92' lang='lat' dir='ltr'>po-</span> 
     </span>
     <span class='ocr_line' id='line_1_8' title="bbox 109 1488 1253 1594; baseline 0.002 -27"><span class='ocrx_word' id='word_1_52' title='bbox 109 1490 236 1567; x_wconf 86' lang='lat' dir='ltr'>nenda</span> <span class='ocrx_word' id='word_1_53' title='bbox 259 1493 315 1565; x_wconf 92' lang='lat' dir='ltr'>est</span> <span class='ocrx_word' id='word_1_54' title='bbox 338 1489 376 1564; x_wconf 93' lang='lat' dir='ltr'>in</span> <span class='ocrx_word' id='word_1_55' title='bbox 399 1488 464 1565; x_wconf 95' lang='lat' dir='ltr'>illo</span> <span class='ocrx_word' id='word_1_56' title='bbox 488 1490 601 1566; x_wconf 86' lang='lat' dir='ltr'>verbo</span> <span class='ocrx_word' id='word_1_57' title='bbox 624 1502 799 1577; x_wconf 70' lang='lat' dir='ltr'>conober,</span> <span class='ocrx_word' id='word_1_58' title='bbox 825 1488 923 1565; x_wconf 90' lang='lat' dir='ltr'>idem</span> <span class='ocrx_word' id='word_1_59' title='bbox 947 1489 1133 1591; x_wconf 83' lang='lat' dir='ltr'>significat</span> <span class='ocrx_word' id='word_1_60' title='bbox 1156 1494 1253 1594; x_wconf 91' lang='lat' dir='ltr'>quod</span> 
     </span>
     <span class='ocr_line' id='line_1_9' title="bbox 107 1625 1253 1728; baseline -0.001 -26"><span class='ocrx_word' id='word_1_61' title='bbox 107 1625 211 1728; x_wconf 89' lang='lat' dir='ltr'>apud</span> <span class='ocrx_word' id='word_1_62' title='bbox 244 1625 516 1726; x_wconf 82' lang='lat' dir='ltr'>Hieronymum</span> <span class='ocrx_word' id='word_1_63' title='bbox 544 1627 580 1720; x_wconf 67' lang='grc' dir='ltr'>(ι)</span> <span class='ocrx_word' id='word_1_64' title='bbox 610 1626 798 1721; x_wconf 75' lang='lat' dir='ltr'>episcopos</span> <span class='ocrx_word' id='word_1_65' title='bbox 829 1626 972 1700; x_wconf 78' lang='lat' dir='ltr'>Victori</span> <span class='ocrx_word' id='word_1_66' title='bbox 1000 1650 1078 1700; x_wconf 80' lang='lat' dir='ltr'>oon</span> <span class='ocrx_word' id='word_1_67' title='bbox 1108 1629 1253 1702; x_wconf 82' lang='lat' dir='ltr'>dedisse</span> 
     </span>
     <span class='ocr_line' id='line_1_10' title="bbox 111 1758 1255 1860; baseline 0.005 -26"><span class='ocrx_word' id='word_1_68' title='bbox 111 1785 273 1845; x_wconf 72' lang='lat' dir='ltr'>bromo,</span> <span class='ocrx_word' id='word_1_69' title='bbox 306 1783 371 1834; x_wconf 89' lang='lat' dir='ltr'>seu</span> <span class='ocrx_word' id='word_1_70' title='bbox 401 1758 636 1860; x_wconf 87' lang='lat' dir='ltr'>aliquatenus</span> <span class='ocrx_word' id='word_1_71' title='bbox 670 1758 857 1836; x_wconf 89' lang='lat' dir='ltr'>obstitisse</span> <span class='ocrx_word' id='word_1_72' title='bbox 886 1761 966 1860; x_wconf 89' lang='lat' dir='ltr'>ejus</span> <span class='ocrx_word' id='word_1_73' title='bbox 996 1760 1188 1838; x_wconf 85' lang='lat' dir='ltr'>sententiae</span> <span class='ocrx_word' id='word_1_74' title='bbox 1218 1767 1255 1840; x_wconf 89' lang='lat' dir='ltr'>ct</span> 
     </span>
     <span class='ocr_line' id='line_1_11' title="bbox 109 1893 1253 1996; baseline 0.004 -26"><span class='ocrx_word' id='word_1_75' title='bbox 109 1893 199 1970; x_wconf 91' lang='lat' dir='ltr'>inde</span> <span class='ocrx_word' id='word_1_76' title='bbox 221 1893 518 1971; x_wconf 87' lang='lat' dir='ltr'>communionem</span> <span class='ocrx_word' id='word_1_77' title='bbox 541 1893 605 1969; x_wconf 87' lang='lat' dir='ltr'>vix</span> <span class='ocrx_word' id='word_1_78' title='bbox 627 1893 875 1996; x_wconf 86' lang='lat' dir='ltr'>interruptam</span> <span class='ocrx_word' id='word_1_79' title='bbox 897 1893 1011 1971; x_wconf 89' lang='lat' dir='ltr'>fuisse</span> <span class='ocrx_word' id='word_1_80' title='bbox 1032 1925 1039 1970; x_wconf 92' lang='lat'>:</span> <span class='ocrx_word' id='word_1_81' title='bbox 1061 1896 1158 1972; x_wconf 91' lang='lat' dir='ltr'>unde</span> <span class='ocrx_word' id='word_1_82' title='bbox 1180 1897 1253 1975; x_wconf 90' lang='lat' dir='ltr'>dici</span> 
     </span>
     <span class='ocr_line' id='line_1_12' title="bbox 110 2027 1249 2129; baseline 0.005 -25"><span class='ocrx_word' id='word_1_83' title='bbox 110 2031 237 2129; x_wconf 87' lang='lat' dir='ltr'>potest</span> <span class='ocrx_word' id='word_1_84' title='bbox 254 2027 437 2103; x_wconf 86' lang='lat' dir='ltr'>sententia</span> <span class='ocrx_word' id='word_1_85' title='bbox 450 2027 613 2104; x_wconf 88' lang='lat' dir='ltr'>Victoris</span> <span class='ocrx_word' id='word_1_86' title='bbox 633 2052 705 2103; x_wconf 95' lang='lat' dir='ltr'>non</span> <span class='ocrx_word' id='word_1_87' title='bbox 722 2027 925 2105; x_wconf 84' lang='lat' dir='ltr'>obtinuisse</span> <span class='ocrx_word' id='word_1_88' title='bbox 938 2054 1048 2105; x_wconf 91' lang='lat' dir='ltr'>suum</span> <span class='ocrx_word' id='word_1_89' title='bbox 1066 2029 1249 2110; x_wconf 85' lang='lat' dir='ltr'>effectum.</span> 
     </span>
    </p>
   </div>
   <div class='ocr_carea' id='block_1_4' title="bbox 107 2193 1276 2838">
    <p class='ocr_par' dir='ltr' id='par_1_4' title="bbox 107 2193 1276 2838">
     <span class='ocr_line' id='line_1_13' title="bbox 165 2193 1252 2299; baseline 0.002 -23"><span class='ocrx_word' id='word_1_90' title='bbox 165 2193 229 2278; x_wconf 79' lang='lat'>25.</span> <span class='ocrx_word' id='word_1_91' title='bbox 263 2196 320 2272; x_wconf 85' lang='lat' dir='ltr'>Ad</span> <span class='ocrx_word' id='word_1_92' title='bbox 349 2201 399 2272; x_wconf 78' lang='lat'>3¹¹¹</span> <span class='ocrx_word' id='word_1_93' title='bbox 429 2195 478 2274; x_wconf 77' lang='lat' dir='ltr'>R.</span> <span class='ocrx_word' id='word_1_94' title='bbox 516 2195 690 2298; x_wconf 84' lang='lat' dir='ltr'>Episcopi</span> <span class='ocrx_word' id='word_1_95' title='bbox 724 2196 856 2272; x_wconf 90' lang='lat' dir='ltr'>timere</span> <span class='ocrx_word' id='word_1_96' title='bbox 890 2201 1092 2299; x_wconf 90' lang='lat' dir='ltr'>potuerunt</span> <span class='ocrx_word' id='word_1_97' title='bbox 1126 2225 1184 2289; x_wconf 88' lang='lat' dir='ltr'>ne,</span> <span class='ocrx_word' id='word_1_98' title='bbox 1220 2202 1252 2278; x_wconf 90' lang='lat' dir='ltr'>si</span> 
     </span>
     <span class='ocr_line' id='line_1_14' title="bbox 109 2330 1252 2433; baseline 0.004 -27"><span class='ocrx_word' id='word_1_99' title='bbox 109 2332 246 2408; x_wconf 84' lang='lat' dir='ltr'>Victor</span> <span class='ocrx_word' id='word_1_100' title='bbox 279 2330 502 2433; x_wconf 88' lang='lat' dir='ltr'>perstitisset</span> <span class='ocrx_word' id='word_1_101' title='bbox 535 2330 573 2406; x_wconf 94' lang='lat' dir='ltr'>in</span> <span class='ocrx_word' id='word_1_102' title='bbox 607 2331 812 2432; x_wconf 88' lang='lat' dir='ltr'>separando</span> <span class='ocrx_word' id='word_1_103' title='bbox 846 2331 1006 2407; x_wconf 83' lang='lat' dir='ltr'>Asianos</span> <span class='ocrx_word' id='word_1_104' title='bbox 1036 2357 1059 2408; x_wconf 87' lang='lat' dir='ltr'>a</span> <span class='ocrx_word' id='word_1_105' title='bbox 1088 2357 1252 2411; x_wconf 91' lang='lat' dir='ltr'>commu-</span> 
     </span>
     <span class='ocr_line' id='line_1_15' title="bbox 110 2465 1253 2567; baseline 0 -23"><span class='ocrx_word' id='word_1_106' title='bbox 110 2468 225 2544; x_wconf 91' lang='lat' dir='ltr'>nione</span> <span class='ocrx_word' id='word_1_107' title='bbox 253 2465 437 2554; x_wconf 83' lang='lat' dir='ltr'>ecclesiae,</span> <span class='ocrx_word' id='word_1_108' title='bbox 469 2489 585 2567; x_wconf 82' lang='lat' dir='ltr'>grave</span> <span class='ocrx_word' id='word_1_109' title='bbox 613 2465 698 2542; x_wconf 90' lang='lat' dir='ltr'>inde</span> <span class='ocrx_word' id='word_1_110' title='bbox 727 2465 890 2542; x_wconf 90' lang='lat' dir='ltr'>schisma</span> <span class='ocrx_word' id='word_1_111' title='bbox 919 2465 1081 2542; x_wconf 91' lang='lat' dir='ltr'>oriretur</span> <span class='ocrx_word' id='word_1_112' title='bbox 1114 2497 1121 2542; x_wconf 93' lang='lat'>:</span> <span class='ocrx_word' id='word_1_113' title='bbox 1155 2468 1253 2544; x_wconf 88' lang='lat' dir='ltr'>unde</span> 
     </span>
     <span class='ocr_line' id='line_1_16' title="bbox 107 2597 1249 2701; baseline -0.001 -21"><span class='ocrx_word' id='word_1_114' title='bbox 107 2602 225 2680; x_wconf 88' lang='lat' dir='ltr'>etiarn</span> <span class='ocrx_word' id='word_1_115' title='bbox 243 2599 435 2701; x_wconf 88' lang='lat' dir='ltr'>supposita</span> <span class='ocrx_word' id='word_1_116' title='bbox 456 2597 638 2674; x_wconf 86' lang='lat' dir='ltr'>sententia</span> <span class='ocrx_word' id='word_1_117' title='bbox 654 2599 1046 2675; x_wconf 86' lang='lat' dir='ltr'>excommunicationis</span> <span class='ocrx_word' id='word_1_118' title='bbox 1059 2600 1140 2701; x_wconf 88' lang='lat' dir='ltr'>jam</span> <span class='ocrx_word' id='word_1_119' title='bbox 1159 2601 1249 2691; x_wconf 87' lang='lat' dir='ltr'>lata,</span> 
     </span>
     <span class='ocr_line' id='line_1_17' title="bbox 107 2725 1276 2838; baseline 0.002 -26"><span class='ocrx_word' id='word_1_120' title='bbox 107 2735 252 2838; x_wconf 89' lang='lat' dir='ltr'>optime</span> <span class='ocrx_word' id='word_1_121' title='bbox 274 2735 474 2835; x_wconf 92' lang='lat' dir='ltr'>potuerunt</span> <span class='ocrx_word' id='word_1_122' title='bbox 496 2730 598 2834; x_wconf 92' lang='lat' dir='ltr'>loqui</span> <span class='ocrx_word' id='word_1_123' title='bbox 622 2733 720 2810; x_wconf 89' lang='lat' dir='ltr'>sicut</span> <span class='ocrx_word' id='word_1_124' title='bbox 742 2759 804 2811; x_wconf 92' lang='lat' dir='ltr'>eos</span> <span class='ocrx_word' id='word_1_125' title='bbox 828 2734 971 2812; x_wconf 90' lang='lat' dir='ltr'>locutos</span> <span class='ocrx_word' id='word_1_126' title='bbox 996 2734 1110 2812; x_wconf 87' lang='lat' dir='ltr'>luisse</span> <span class='ocrx_word' id='word_1_127' title='bbox 1135 2737 1250 2814; x_wconf 91' lang='lat' dir='ltr'>Euse·</span> <span class='ocrx_word' id='word_1_128' title='bbox 1274 2725 1276 2730; x_wconf 52' lang='grc'>’</span> 
     </span>
    </p>
   </div>
   <div class='ocr_carea' id='block_1_5' title="bbox 107 2875 391 2952">
    <p class='ocr_par' dir='ltr' id='par_1_5' title="bbox 107 2875 391 2952">
     <span class='ocr_line' id='line_1_18' title="bbox 107 2875 391 2952; baseline -0.018 -1"><span class='ocrx_word' id='word_1_129' title='bbox 107 2875 195 2952; x_wconf 88' lang='lat' dir='ltr'>bius</span> <span class='ocrx_word' id='word_1_130' title='bbox 221 2875 391 2950; x_wconf 85' lang='lat' dir='ltr'>testatur.</span> 
     </span>
    </p>
   </div>
   <div class='ocr_carea' id='block_1_6' title="bbox 105 3035 1251 3406">
    <p class='ocr_par' dir='ltr' id='par_1_6' title="bbox 105 3035 1251 3406">
     <span class='ocr_line' id='line_1_19' title="bbox 162 3035 1251 3142; baseline -0.001 -23"><span class='ocrx_word' id='word_1_131' title='bbox 162 3035 228 3118; x_wconf 79' lang='grc'>26.</span> <span class='ocrx_word' id='word_1_132' title='bbox 257 3037 314 3112; x_wconf 81' lang='lat' dir='ltr'>Ad</span> <span class='ocrx_word' id='word_1_133' title='bbox 345 3045 394 3113; x_wconf 84' lang='lat'>4¹¹¹</span> <span class='ocrx_word' id='word_1_134' title='bbox 419 3035 469 3113; x_wconf 85' lang='lat' dir='ltr'>R.</span> <span class='ocrx_word' id='word_1_135' title='bbox 498 3035 624 3113; x_wconf 90' lang='lat' dir='ltr'>eodem</span> <span class='ocrx_word' id='word_1_136' title='bbox 655 3038 775 3115; x_wconf 84' lang='lat' dir='ltr'>ruodo.</span> <span class='ocrx_word' id='word_1_137' title='bbox 806 3039 1039 3127; x_wconf 80' lang='lat' dir='ltr'>-Quidam</span> <span class='ocrx_word' id='word_1_138' title='bbox 1070 3045 1251 3142; x_wconf 85' lang='lat' dir='ltr'>praetorca</span> 
     </span>
     <span class='ocr_line' id='line_1_20' title="bbox 106 3168 1250 3274; baseline -0.003 -21"><span class='ocrx_word' id='word_1_139' title='bbox 106 3175 330 3258; x_wconf 86' lang='lat' dir='ltr'>advertunt,</span> <span class='ocrx_word' id='word_1_140' title='bbox 358 3168 483 3271; x_wconf 91' lang='lat' dir='ltr'>plures</span> <span class='ocrx_word' id='word_1_141' title='bbox 508 3171 554 3246; x_wconf 94' lang='lat' dir='ltr'>ab</span> <span class='ocrx_word' id='word_1_142' title='bbox 581 3171 723 3247; x_wconf 85' lang='lat' dir='ltr'>Irenaeo</span> <span class='ocrx_word' id='word_1_143' title='bbox 749 3171 906 3273; x_wconf 87' lang='lat' dir='ltr'>scriptas</span> <span class='ocrx_word' id='word_1_144' title='bbox 935 3171 1050 3247; x_wconf 87' lang='lat' dir='ltr'>luisse</span> <span class='ocrx_word' id='word_1_145' title='bbox 1075 3171 1250 3274; x_wconf 88' lang='lat' dir='ltr'>epistolas</span> 
     </span>
     <span class='ocr_line' id='line_1_21' title="bbox 105 3304 1249 3406; baseline -0.005 -20"><span class='ocrx_word' id='word_1_146' title='bbox 105 3311 213 3388; x_wconf 84' lang='lat' dir='ltr'>circa</span> <span class='ocrx_word' id='word_1_147' title='bbox 235 3308 331 3384; x_wconf 86' lang='lat' dir='ltr'>hanc</span> <span class='ocrx_word' id='word_1_148' title='bbox 355 3304 661 3394; x_wconf 82' lang='lat' dir='ltr'>controversiam,</span> <span class='ocrx_word' id='word_1_149' title='bbox 687 3309 780 3381; x_wconf 81' lang='lat' dir='ltr'>teste</span> <span class='ocrx_word' id='word_1_150' title='bbox 804 3304 1035 3406; x_wconf 77' lang='lat' dir='ltr'>Hieronymo</span> <span class='ocrx_word' id='word_1_151' title='bbox 1057 3305 1094 3404; x_wconf 83' lang='lat'>(3)</span> <span class='ocrx_word' id='word_1_152' title='bbox 1117 3335 1123 3380; x_wconf 93' lang='lat'>:</span> <span class='ocrx_word' id='word_1_153' title='bbox 1149 3305 1249 3382; x_wconf 90' lang='lat' dir='ltr'>credi</span> 
     </span>
    </p>
   </div>
   <div class='ocr_carea' id='block_1_7' title="bbox 103 3442 1251 3822">
    <p class='ocr_par' dir='ltr' id='par_1_7' title="bbox 103 3442 1251 3822">
     <span class='ocr_line' id='line_1_22' title="bbox 106 3442 1249 3550; baseline -0.006 -24"><span class='ocrx_word' id='word_1_154' title='bbox 106 3451 238 3550; x_wconf 90' lang='lat' dir='ltr'>itaque</span> <span class='ocrx_word' id='word_1_155' title='bbox 261 3447 392 3547; x_wconf 91' lang='lat' dir='ltr'>potest,</span> <span class='ocrx_word' id='word_1_156' title='bbox 419 3443 622 3519; x_wconf 88' lang='lat' dir='ltr'>Eusebium</span> <span class='ocrx_word' id='word_1_157' title='bbox 646 3443 706 3520; x_wconf 90' lang='lat' dir='ltr'>hio</span> <span class='ocrx_word' id='word_1_158' title='bbox 730 3443 943 3519; x_wconf 89' lang='lat' dir='ltr'>meminisse</span> <span class='ocrx_word' id='word_1_159' title='bbox 967 3442 1134 3544; x_wconf 72' lang='lat' dir='ltr'>epistolae</span> <span class='ocrx_word' id='word_1_160' title='bbox 1159 3444 1249 3520; x_wconf 91' lang='lat' dir='ltr'>scri-</span> 
     </span>
     <span class='ocr_line' id='line_1_23' title="bbox 105 3578 1251 3688; baseline -0.006 -25"><span class='ocrx_word' id='word_1_161' title='bbox 105 3591 184 3688; x_wconf 83' lang='lat' dir='ltr'>ptae</span> <span class='ocrx_word' id='word_1_162' title='bbox 223 3587 309 3658; x_wconf 84' lang='lat' dir='ltr'>ante</span> <span class='ocrx_word' id='word_1_163' title='bbox 346 3578 567 3656; x_wconf 88' lang='lat' dir='ltr'>sententiam</span> <span class='ocrx_word' id='word_1_164' title='bbox 608 3578 1000 3658; x_wconf 87' lang='lat' dir='ltr'>excommunicationis</span> <span class='ocrx_word' id='word_1_165' title='bbox 1038 3604 1061 3656; x_wconf 87' lang='lat' dir='ltr'>a</span> <span class='ocrx_word' id='word_1_166' title='bbox 1099 3580 1251 3656; x_wconf 85' lang='lat' dir='ltr'>Victore</span> 
     </span>
     <span class='ocr_line' id='line_1_24' title="bbox 103 3717 308 3822; baseline -0.015 -28"><span class='ocrx_word' id='word_1_167' title='bbox 103 3717 308 3822; x_wconf 86' lang='lat' dir='ltr'>prolatam.</span> 
     </span>
    </p>
   </div>
   <div class='ocr_carea' id='block_1_8' title="bbox 96 3892 1249 4274">
    <p class='ocr_par' dir='ltr' id='par_1_8' title="bbox 96 3892 1249 4274">
     <span class='ocr_line' id='line_1_25' title="bbox 159 3892 1248 3979; baseline -0.01 0"><span class='ocrx_word' id='word_1_168' title='bbox 159 3892 222 3979; x_wconf 74' lang='lat'>27.</span> <span class='ocrx_word' id='word_1_169' title='bbox 255 3897 312 3972; x_wconf 83' lang='lat' dir='ltr'>Ad</span> <span class='ocrx_word' id='word_1_170' title='bbox 342 3903 392 3974; x_wconf 78' lang='grc' dir='ltr'>5ΠΙ</span> <span class='ocrx_word' id='word_1_171' title='bbox 423 3898 472 3976; x_wconf 76' lang='lat' dir='ltr'>lt.</span> <span class='ocrx_word' id='word_1_172' title='bbox 512 3896 585 3973; x_wconf 88' lang='lat' dir='ltr'>llla</span> <span class='ocrx_word' id='word_1_173' title='bbox 617 3900 732 3974; x_wconf 85' lang='lat' dir='ltr'>verba</span> <span class='ocrx_word' id='word_1_174' title='bbox 764 3902 1004 3974; x_wconf 78' lang='lat' dir='ltr'>doncnondos</span> <span class='ocrx_word' id='word_1_175' title='bbox 1037 3895 1248 3970; x_wconf 80' lang='lat' dir='ltr'>crediderat</span> 
     </span>
     <span class='ocr_line' id='line_1_26' title="bbox 102 4029 1249 4139; baseline -0.006 -23"><span class='ocrx_word' id='word_1_176' title='bbox 102 4036 249 4139; x_wconf 92' lang='lat' dir='ltr'>optime</span> <span class='ocrx_word' id='word_1_177' title='bbox 274 4039 311 4111; x_wconf 91' lang='lat' dir='ltr'>et</span> <span class='ocrx_word' id='word_1_178' title='bbox 338 4033 447 4111; x_wconf 90' lang='lat' dir='ltr'>obvio</span> <span class='ocrx_word' id='word_1_179' title='bbox 478 4059 588 4110; x_wconf 88' lang='lat' dir='ltr'>sensu</span> <span class='ocrx_word' id='word_1_180' title='bbox 619 4033 776 4134; x_wconf 81' lang='lat' dir='ltr'>intelligi</span> <span class='ocrx_word' id='word_1_181' title='bbox 807 4034 962 4136; x_wconf 89' lang='lat' dir='ltr'>possunt</span> <span class='ocrx_word' id='word_1_182' title='bbox 990 4029 1034 4105; x_wconf 86' lang='lat' dir='ltr'>de</span> <span class='ocrx_word' id='word_1_183' title='bbox 1064 4029 1249 4109; x_wconf 85' lang='lat' dir='ltr'>sententia</span> 
     </span>
     <span class='ocr_line' id='line_1_27' title="bbox 96 4169 464 4274; baseline -0.011 -26"><span class='ocrx_word' id='word_1_184' title='bbox 96 4173 182 4274; x_wconf 89' lang='lat' dir='ltr'>jam</span> <span class='ocrx_word' id='word_1_185' title='bbox 210 4169 464 4270; x_wconf 89' lang='lat' dir='ltr'>pronuntiata.</span> 
     </span>
    </p>
   </div>
   <div class='ocr_carea' id='block_1_9' title="bbox 132 4411 903 4576">
    <p class='ocr_par' dir='ltr' id='par_1_9' title="bbox 132 4411 903 4576">
     <span class='ocr_line' id='line_1_28' title="bbox 135 4411 903 4484; baseline -0.008 -15"><span class='ocrx_word' id='word_1_186' title='bbox 135 4420 167 4484; x_wconf 83' lang='grc' dir='ltr'>(ι)</span> <span class='ocrx_word' id='word_1_187' title='bbox 178 4417 232 4468; x_wconf 83' lang='lat' dir='ltr'>cit.</span> <span class='ocrx_word' id='word_1_188' title='bbox 246 4429 332 4478; x_wconf 80' lang='lat' dir='ltr'>supra</span> <span class='ocrx_word' id='word_1_189' title='bbox 342 4415 376 4465; x_wconf 92' lang='lat' dir='ltr'>N.</span> <span class='ocrx_word' id='word_1_190' title='bbox 393 4419 416 4467; x_wconf 84' lang='grc'>9,</span> <span class='ocrx_word' id='word_1_191' title='bbox 725 4413 757 4480; x_wconf 78' lang='grc' dir='ltr'>(ι)</span> <span class='ocrx_word' id='word_1_192' title='bbox 771 4413 822 4465; x_wconf 84' lang='lat' dir='ltr'>cit.</span> <span class='ocrx_word' id='word_1_193' title='bbox 838 4411 903 4463; x_wconf 83' lang='lat' dir='ltr'>ibid.</span> 
     </span>
     <span class='ocr_line' id='line_1_29' title="bbox 132 4505 420 4576; baseline -0.017 -16"><span class='ocrx_word' id='word_1_194' title='bbox 132 4508 170 4576; x_wconf 72' lang='grc' dir='ltr'>(τ)</span> <span class='ocrx_word' id='word_1_195' title='bbox 181 4507 237 4560; x_wconf 77' lang='lat' dir='ltr'>ort.</span> <span class='ocrx_word' id='word_1_196' title='bbox 251 4519 338 4571; x_wconf 78' lang='lat' dir='ltr'>supra</span> <span class='ocrx_word' id='word_1_197' title='bbox 349 4505 382 4556; x_wconf 94' lang='lat' dir='ltr'>N.</span> <span class='ocrx_word' id='word_1_198' title='bbox 396 4507 420 4556; x_wconf 85' lang='lat'>6.</span> 
     </span>
    </p>
   </div>
   <div class='ocr_carea' id='block_1_10' title="bbox 0 0 1608 5150">
    <p class='ocr_par' dir='ltr' id='par_1_10' title="bbox 0 0 1608 5150">
     <span class='ocr_line' id='line_1_30' title="bbox 0 0 1608 5150; baseline 0 1"><span class='ocrx_word' id='word_1_199' title='bbox 0 0 1608 5150; x_wconf 95' lang='lat' dir='ltr'> </span> 
     </span>
    </p>
   </div>
  </div>
 </body>
</html>
