3170 5134
339 459 397 518 118
574 474 645 519 mss.
669 475 709 518 ιιι.
732 473 769 518 oe
790 472 916 521 lucrose
937 475 1237 522 ruriosomousrron.

340 638 385 730 S„
408 639 513 716 Petri
539 637 742 739 gloriantes
767 640 954 729 viderent,
981 665 1027 716 ex
1053 639 1293 718 aemulatione
1318 642 1473 742 quadam

338 777 376 848 et
393 772 594 850 ambitione
607 797 690 876 quae
708 772 818 849 facile
834 775 933 877 apud
951 773 1170 851 dissidentes
1188 775 1353 852 obtinere
1370 776 1471 863 solet,

339 929 489 982 curasse
518 909 560 982 ut
589 906 635 982 ab
665 907 794 982 eodem
823 907 884 983 vel
914 907 988 985 alio
1018 909 1162 986 artifice
1191 911 1324 988 similis
1355 917 1476 989 statua

338 1039 582 1116 conficeretur
608 1041 645 1137 (ι)
671 1045 943 1142 repraesentans
973 1066 1059 1118 eum
1089 1067 1199 1144 quem
1225 1048 1267 1120 ut
1292 1045 1475 1122 doctorem

339 1181 376 1252 et
413 1179 526 1277 caput
565 1199 675 1250 suum
713 1176 1006 1265 venerabantur,
1043 1200 1199 1278 eamque
1236 1179 1403 1279 posuisse
1438 1180 1477 1253 in
1565 1247 1566 1276 ,

338 1312 471 1410 crypta
488 1309 526 1384 in
544 1333 618 1409 qua
638 1307 881 1412 Hippolytus,
902 1314 944 1387 ut
960 1312 1153 1413 presbyter
1173 1311 1383 1402 Romanus,
1397 1315 1477 1415 jain

339 1449 426 1519 ante
455 1443 619 1520 schisma
647 1467 758 1518 suum
787 1446 992 1520 conventus
1022 1444 1191 1521 fidelium
1219 1446 1355 1546 agebat
1380 1447 1416 1544 (a)
1440 1449 1478 1519 et
1565 1511 1566 1516 ,

338 1587 467 1684 postea
491 1579 659 1684 sepultus
682 1585 749 1657 est.
778 1581 873 1676 Quae
897 1585 1022 1658 statua
1047 1582 1190 1670 deinde,
1217 1588 1300 1685 post
1325 1605 1476 1660 conver·
1565 1635 1566 1642 κ

339 1719 480 1796 sionem
510 1717 725 1819 Hippolyti,
757 1717 797 1792 iu
826 1716 1047 1794 abditiorem
1077 1723 1222 1820 partem
1251 1723 1393 1822 cryptae
1421 1743 1476 1794 se·
1565 1707 1566 1712 ¹

338 1859 439 1930 mota
472 1858 509 1930 et
541 1877 628 1929 mox
662 1852 770 1942 forte,
802 1860 969 1956 tempore
1002 1853 1144 1932 scilicet
1177 1855 1477 1958 persecutionum

338 2013 422 2090 quae
444 1989 650 2065 subsecutae
673 1990 772 2077 sunt,
797 2011 841 2063 ea
863 1992 969 2088 parte
990 2012 1105 2064 arena
1126 1986 1185 2063 vel
1207 1986 1394 2091 lapidibus
1415 1989 1476 2064 ob·

338 2128 494 2212 structa,
518 2123 667 2199 omnino
689 2121 813 2210 latuit,
838 2122 953 2198 donec
975 2146 1047 2198 sec.
1072 2121 1179 2211 XVI,
1203 2127 1382 2224 utsupra
1403 2147 1476 2198 me·
1565 2143 1566 2146 ’

337 2257 582 2346 moravimus,
602 2255 737 2332 effossa
753 2260 820 2331 est.

388 2457 449 2544 tl.
478 2477 519 2543 6ο
543 2461 666 2537 Ροιιο
695 2483 741 2535 ex
771 2458 830 2533 his
854 2458 936 2559 yam
966 2457 1077 2534 facile
1105 2456 1316 2560 explicatur
1345 2458 1476 2535 modus

337 2595 511 2699 loquendi
533 2592 685 2671 Eusebii
703 2596 740 2668 et
758 2591 981 2692 Hieronymi
998 2591 1044 2666 de
1061 2590 1146 2666 sede
1163 2590 1366 2692 episcopali
1384 2591 1475 2692 Hip-

338 2731 455 2834 polyti
478 2734 528 2829 (a).
555 2727 745 2806 Nimirum
768 2749 885 2826 quum
905 2749 951 2800 ex
972 2748 1049 2800 una
1072 2727 1178 2826 parte
1200 2723 1281 2822 ejus
1303 2723 1476 2823 operibus

338 2868 560 2969 inscriptum
585 2863 756 2939 viderent
776 2859 932 2938 'titulum
962 2859 1125 2963 episcopi
1155 2857 1303 2947 Romae,
1331 2856 1478 2934 exalia
1565 2855 1566 2858 ’

337 3029 427 3081 vero
465 3003 504 3077 in
542 2997 723 3098 catalogis
764 2995 992 3073 Pontificum
1032 2995 1293 3073 Romanorum
1331 2993 1477 3070 nullum

339 3136 451 3237 hujus
465 3132 626 3211 nominis
640 3131 847 3207 indicatum
860 3134 1020 3207 essesut
1033 3130 1192 3232 supponi
1206 3153 1313 3232 posse
1331 3153 1403 3206 sec.
1421 3127 1477 3204 Ill
1565 3111 1566 3206 ι

370 3455 660 3525 uimpponitquidem
668 3453 891 3517 Maorsriuslloc.
926 3455 988 3507 dum
1005 3454 1072 3505 citat
1089 3467 1123 3505 ex
1142 3451 1283 3518 Hippolyti
1300 3449 1426 3514 Epistola
1443 3448 1477 3496 ad

338 3563 402 3601 mox
417 3549 511 3614 indic.)
531 3549 676 3610 utramque
694 3547 814 3597 statuam
831 3559 891 3595 ere·
925 3545 1076 3606 qrramdom
1083 3539 1295 3606 reparamina
1305 3539 1368 3593 tx.
1377 3555 1402 3605 p.
1411 3535 1474 3598 870).

338 3643 410 3692 ctam
436 3654 495 3690 esse
520 3639 610 3690 studio
637 3641 664 3688 et
690 3651 758 3688 cura
785 3637 891 3688 Severae
958 3640 988 3696 tr)
1008 3635 1062 3686 Cir.
1084 3647 1170 3698 supra
1189 3631 1224 3683 N.
1247 3632 1286 3683 39.
1305 3659 1337 3668 -
1356 3630 1393 3682 Et
1417 3626 1476 3678 inde
1565 3659 1566 3672 ι

337 3733 469 3799 Augustae
479 3731 571 3784 uxoris
580 3730 703 3795 Philippi
712 3729 891 3793 Imperatoris
923 3727 1006 3780 etium
1019 3725 1099 3777 facile
1108 3723 1274 3788 intelligitur
1286 3721 1399 3786 querela
1411 3719 1474 3780 ejus,
1565 3779 1566 3784 ἵ

337 3823 532 3887 (81245219),
546 3833 628 3883 quam
644 3820 678 3871 ab
694 3817 845 3882 Hippolyto
856 3817 892 3868 ad
925 3816 997 3879 quod
1014 3814 1095 3865 multi
1109 3828 1127 3864 u
1142 3826 1193 3863 sua
1207 3811 1325 3862 ecclesia
1340 3811 1375 3861 ad
1391 3804 1473 3860 ecclc·
1565 3839 1566 3846 ι

337 3912 521 3965 Christianam
542 3909 705 3975 religionem
730 3920 890 3958 conversam
924 3907 994 3956 siam
1014 3904 1122 3957 Callisti
1142 3903 1309 3967 transgressi
1332 3902 1389 3951 sint
1409 3897 1474 3962 (011.
1565 3937 1566 3942 1

339 4004 447 4066 narrat3
476 4003 504 4051 at
530 4000 616 4051 totius
640 4012 697 4049 suae
723 3997 890 4048 narrationis
923 3993 999 4046 Phil.
1028 3993 1076 4045 lx.
1107 3994 1137 4043 12
1165 3993 1227 4056 post
1255 3991 1326 4041 med.
1354 3984 1473 4054 Append.

338 4100 444 4151 nullum
471 4096 547 4148 uliud
575 4096 658 4146 habet
683 4093 892 4144 tundamentum
926 4105 988 4156 pag.
1013 4079 1476 4152 lamec.1:n0npauusuucet

338 4189 500 4240 historicum
513 4187 613 4251 praeter
631 4185 715 4236 verba
733 4183 782 4234 illa
792 4183 890 4234 inscri-
922 4182 969 4244 qui
985 4183 1067 4232 antea
1082 4179 1155 4244 apud
1167 4181 1258 4244 ipsum
1269 4171 1473 4230 conveniebant,

338 4277 441 4343 plionis
452 4278 548 4327 statuae
566 4273 782 4325 Euburiatorias
798 4274 835 4321 ool
846 4270 891 4322 Se·
925 4272 988 4336 post
999 4273 1058 4333 ejus
1073 4251 1193 4320 schisnia
1210 4267 1346 4331 abipsius
1358 4273 1474 4317 commu·
1565 4343 1566 4346 Ἴ

337 4365 890 4441 oertnomtTest.V.8.Appeud.pag.2tll
925 4369 1008 4421 niune
1017 4369 1208 4420 abstinuerint.

338 4463 448 4544 siquod
469 4476 658 4527 'theodoretus
672 4470 753 4531 (Diui.
771 4468 808 4531 111
818 4481 895 4532 quae·
960 4469 991 4532 (a)
1002 4467 1077 4518 Test.
1091 4469 1115 4520 1.
1131 4471 1157 4530 1,
1170 4466 1335 4532 stuppend.
1350 4477 1412 4531 pag.
1423 4451 1470 4508 itl-
