3154 5134
352 413 411 473 288
728 430 798 476 mss.
821 431 859 476 ur.
884 431 919 476 uu
941 431 1114 478 sarranium

352 594 487 670 Patres
504 577 722 684 transferre,
746 621 830 698 quae
854 596 976 674 Paulo
999 597 1243 675 Samosateno
1261 595 1473 674 Athanasius

353 729 497 806 tribuit.
537 732 635 807 Nam
668 733 767 833 apud
804 731 1054 809 Athanasium
1089 759 1163 810 non
1202 733 1390 835 SynoduS‚
1423 727 1474 806 sed

354 865 619 942 Samosatenus
653 871 974 944 consubstantiale
1008 868 1193 970 exagitat,
1225 869 1351 969 sicque
1379 864 1475 941 ratio-

353 1003 526 1082 cinatur:
552 1041 567 1070 u
590 1005 630 1083 Si
649 1005 885 1084 Christus...
910 1043 926 1073 n
949 1010 998 1105 (r).
1022 1007 1078 1083 Ne
1095 1007 1166 1109 ipsi
1185 1006 1334 1108 quidem
1352 1001 1475 1082 Semia-

353 1139 450 1216 riani
486 1140 650 1241 ineptam
685 1140 783 1217 hanc
813 1142 1037 1219 sententiam
1067 1142 1218 1244 Synodo
1250 1137 1477 1217 Antiocheae

352 1273 517 1350 tribuere
542 1275 624 1351 ausi
651 1280 749 1352 sunt.
772 1278 871 1352 Nam
896 1301 982 1353 curn
1008 1277 1105 1353 hane
1131 1276 1292 1378 primam
1317 1270 1479 1350 afferrent

353 1411 687 1486 consubstantialis
716 1411 907 1512 rejiciendi
938 1436 1105 1499 causam,
1136 1447 1150 1476 u
1181 1410 1270 1512 quia
1295 1433 1361 1510 per
1388 1401 1478 1480 verbi

356 1579 372 1609 a
395 1543 508 1645 hujus
529 1545 824 1624 enuntiationem
848 1548 1058 1624 substantia
1080 1546 1184 1648 prior
1207 1543 1476 1644 intelligeretur,
1553 1565 1554 1654 3

357 1713 372 1742 π
394 1703 507 1780 quarn
524 1671 598 1756 duo
622 1680 750 1783 partiti
773 1689 896 1757 essent
917 1718 931 1746 a
954 1685 1006 1778 (a),
1026 1679 1063 1756 id
1081 1705 1150 1756 suo
1170 1677 1317 1754 nomine
1334 1671 1479 1776 prolere

353 1815 455 1906 bant,
476 1843 542 1893 nec
556 1844 595 1894 se
613 1819 754 1921 Synodi
768 1819 990 1896 auctoritate
1003 1821 1217 1907 tuebantur,
1233 1815 1330 1919 quod
1344 1810 1478 1914 quidem

353 1953 556 2030 omissuros
583 1978 658 2028 non
687 1959 791 2054 puto,
819 1953 851 2028 si
881 1952 969 2053 quid
996 1951 1178 2054 ejusmodi
1208 1951 1255 2026 ab
1285 1973 1329 2024 ea
1351 1945 1476 2020 dictum

353 2088 641 2165 existimassent.
675 2085 806 2162 -Ex
836 2085 895 2162 his
925 2086 1017 2164 satis
1051 2109 1235 2188 superque
1269 2076 1478 2185 perspicitur

353 2223 617 2312 Athanasium,
646 2221 838 2298 Hilarium
860 2225 896 2297 et
923 2219 1109 2298 Basilium
1139 2218 1325 2296 immerito
1351 2205 1477 2316 opinati

353 2359 454 2435 illius
468 2359 615 2436 decreto
633 2363 744 2434 testes
762 2356 884 2444 citari,
905 2381 948 2432 ae
961 2360 1079 2433 totam
1097 2381 1176 2431 rem
1194 2351 1406 2432 auctoribus
1419 2341 1477 2422 niti

354 2492 611 2581 Samiarianis
635 2515 728 2593 quos
750 2490 920 2592 equidem
942 2491 1091 2566 credere
1110 2489 1239 2568 malim
1264 2487 1412 2564 incertis
1429 2507 1479 2558 ru-

352 2629 519 2703 moribus
542 2628 712 2728 deceptos
734 2625 850 2702 fuisse
869 2651 982 2726 quam
1003 2627 1049 2703 de
1073 2627 1259 2704 industria
1281 2626 1350 2702 hoc
1368 2624 1477 2700 decre·

352 2768 433 2839 tum
453 2761 605 2836 finxisse
625 2797 640 2825 a
663 2763 712 2857 (a).

741 3031 1027 3090 annuemus
1060 3033 1106 3090 11.

615 3276 856 3335 RESPONSwNES
871 3287 913 3334 nn
929 3285 1229 3358 nmc'nneunrnrn.
1418 3265 1422 3276 ’

405 3521 443 3604 9.
463 3523 645 3612 Quamvis
666 3529 888 3624 argumenta
908 3549 1021 3627 praec.
1044 3526 1126 3600 Art.
1154 3549 1199 3600 ex
1225 3525 1383 3600 blerano
1402 3521 1479 3598 reci·

352 3663 446 3746 tata,
466 3657 589 3759 prima
609 3657 731 3734 fronte
754 3659 846 3735 satis
869 3659 997 3737 valida
1013 3657 1133 3734 videri
1152 3659 1307 3760 possint,
1327 3661 1478 3734 attamen
1549 3641 1550 3660 ¹

354 3819 427 3920 nop
452 3793 588 3868 desunt
613 3793 871 3894 responsiones
894 3792 1103 3895 probabiles
1127 3793 1261 3894 quibus
1283 3817 1406 3869 eorum
1429 3789 1478 3863 uis
1548 3853 1549 3941 p

354 3930 527 4006 elidatur.
549 3929 741 4006 Nimirum

402 4065 459 4140 Ad
479 4083 518 4146 1¹¹·
537 4065 586 4142 R.
612 4072 647 4141 lo
664 4065 863 4142 Accusatio
885 4066 1065 4143 aduersus
1091 4065 1313 4168 Dionysium
1330 4061 1477 4138 Alexan-

387 4348 416 4411 (Ι)
428 4347 488 4398 Vid.
501 4347 567 4398 ibid.
943 4349 1015 4399 diste
1025 4351 1088 4400 ante
1096 4347 1269 4400 rerbaciteta
1277 4344 1395 4411 Append.
1406 4358 1429 4408 p.
1438 4333 1477 4390 82·

386 4443 415 4502 (r)
429 4439 526 4490 Hune.
541 4439 581 4490 De
593 4437 693 4500 Syrrod.
712 4452 737 4489 n.
757 4440 796 4489 al.
811 4439 905 4491 imme·
974 4441 1005 4503 (a)
1018 4441 1129 4492 Alanus.
1143 4439 1194 4491 loc.
1209 4439 1256 4491 cit.
