3132 5140
305 455 362 516 182
538 466 610 512 mss.
633 467 674 512 ιιι.
698 466 733 510 nc
754 465 881 511 lucrosa
902 462 1207 510 mnosornoonmos.

302 673 306 682 “
354 651 413 734 18.
429 601 628 733 &ductor
644 654 790 741 Plutus,
810 653 879 728 IX.
904 658 944 729 ll
965 656 1061 729 extr.
1083 656 1120 729 et
1138 651 1206 729 IX.
1231 658 1276 730 12
1293 653 1392 729 med.
1416 657 1456 747 (ll

304 790 475 890 queritur
492 787 590 890 quod
609 786 790 866 Callistus
816 787 940 889 ipsum
966 788 1140 864 dittenm
1157 793 1372 864 vocaverat.
1398 787 1458 866 Si-

303 920 404 998 milis
422 921 574 1023 querela
591 921 777 1024 reperitur
793 920 893 1022 apud
918 919 1210 1010 Tertullianum,
1230 929 1329 999 Ado.
1349 929 1455 1000 Pro·
1554 989 1555 1032 ,

302 1081 418 1134 neom
439 1081 520 1159 cap.
547 1062 572 1134 3
597 1085 604 1132 :
635 1091 651 1121 a
673 1057 884 1132 Numerum
908 1058 945 1131 et
966 1054 1247 1157 dispositionem
1268 1055 1456 1134 trinitatis

306 1226 322 1256 n
343 1190 562 1267 divisionem
582 1193 818 1293 praesumunt
834 1188 1051 1266 unitatis...
1069 1189 1200 1292 Itaque
1217 1192 1310 1268 duos
1324 1197 1361 1270 et
1373 1197 1454 1271 tres
1554 1203 1555 1206 ‘

306 1361 322 1392 a
339 1326 420 1428 jam
433 1325 611 1426 jactitant
627 1350 651 1402 a
668 1325 774 1402 nobis
791 1323 1002 1426 praedicari.
1026 1359 1043 1390 n

357 1547 415 1631 le.
443 1554 483 1628 3⁰
508 1549 584 1626 Vix
613 1548 734 1626 ullum
757 1549 959 1626 discrimen
985 1549 1146 1628 habetur
1171 1551 1271 1629 inter
1298 1579 1454 1656 eaquae

303 1686 418 1763 refert
434 1671 565 1763 auctor'
581 1687 724 1762 Pln'los.
747 1684 815 1760 IX.
840 1689 884 1760 12
909 1684 1007 1761 med.
1030 1688 1067 1784 (a)
1089 1685 1135 1764 de
1156 1686 1327 1766 doctrina
1343 1689 1452 1765 adin-

304 1821 419 1896 venta
448 1843 472 1895 a
502 1817 660 1896 Callisto
690 1822 727 1894 et
756 1842 801 1894 ea
829 1841 914 1919 quae
940 1818 1093 1920 exponit
1118 1818 1375 1898 Tertullianus
1407 1823 1453 1899 de

302 1953 474 2031 doctrina
507 1978 592 2055 quae
625 1953 779 2031 docetur
811 1977 835 2030 a
868 1952 998 2031 schola
1028 1955 1188 2032 Praxeae
1217 1962 1315 2033 Ado.
1349 1962 1453 2034 Pro·
1554 2047 1555 2050 p

302 2114 418 2166 meam
444 2113 550 2191 capp.
583 2093 645 2176 27,
672 2093 739 2176 29;
769 2087 860 2164 nbi:
890 2123 906 2152 κ
935 2087 1234 2186 (Distinctionem
1260 2091 1390 2168 Patris
1417 2098 1453 2169 ct
1554 2169 1555 2172 ,

307 2258 323 2288 a
345 2222 445 2321 Filii)
464 2222 539 2320 (ait)
557 2222 602 2300 ad
622 2246 730 2298 suam
749 2221 973 2300 sententiam
993 2221 1231 2326 interpretari
1250 2231 1450 2314 conantur,
1554 2249 1555 2336 f

306 2395 322 2425 a
344 2363 386 2436 ut
403 2383 509 2461 aeque
532 2361 575 2434 ιἰι
600 2384 682 2436 ano
695 2383 865 2456 persono
883 2361 1085 2460 utrumque
1108 2359 1356 2461 distinguant,
1377 2364 1451 2438 Pa-

305 2529 321 2560 »
341 2497 439 2570 trem
462 2497 499 2570 et
523 2493 680 2582 Filium;
705 2493 868 2569 dicentes
895 2492 1037 2569 Filium
1054 2519 1206 2570 carnem
1225 2519 1317 2584 csse,
1338 2497 1376 2572 id
1395 2501 1452 2573 est
1554 2503 1555 2544 f

304 2663 320 2694 n
342 2628 544 2719 hominem,
565 2629 676 2706 idest
701 2630 849 2716 Jesum;
870 2629 1025 2706 Patrem
1046 2633 1173 2706 autem
1193 2631 1392 2732 Spiritum,
1414 2631 1449 2706 id

303 2796 320 2827 n
341 2766 398 2838 cst
433 2761 567 2853 Deum,
604 2763 728 2840 id‘cst
758 2763 1017 2842 Christum...
1052 2765 1244 2844 Directam
1280 2765 1451 2870 blasphe-
1554 2793 1555 2844 ι

302 2931 319 2962 n
340 2897 455 2974 miam
476 2897 515 2974 in
534 2899 688 2976 Patrem
711 2899 835 2988 veriti,
856 2898 1016 2976 diminui
1035 2925 1118 2978 eam
1136 2901 1207 2978 hoc
1233 2903 1342 2979 modo
1371 2929 1451 3006 spe·

300 3068 316 3100 n
338 3036 436 3121 rant,
460 3033 699 3113 concedentes
718 3035 800 3136 jam
828 3035 983 3112 Patrem
1010 3041 1047 3114 et
1069 3037 1211 3114 Filium
1233 3044 1329 3116 duos
1352 3065 1446 3128 esse,
1554 3053 1555 3114 3

301 3205 317 3236 a
339 3170 371 3247 si
389 3170 509 3248 Filius
528 3172 678 3273 quidem
695 3171 852 3275 patitur,
873 3173 991 3250 Pater
1007 3197 1097 3251 vero
1116 3175 1357 3277 compatitur.
1380 3213 1398 3243 π
1554 3241 1555 3246 ι

351 3395 417 3479 20.
443 3406 481 3476 4ο
504 3397 672 3500 Denique
695 3403 733 3477 et
763 3399 985 3477 allusionem
1016 3401 1107 3478 satis
1138 3402 1375 3505 perspicuam
1401 3403 1445 3480 ad
1554 3387 1555 3444 l

299 3533 461 3635 primam
484 3538 631 3636 partem
655 3533 823 3612 historiae
848 3534 997 3613 Callisti
1026 3535 1190 3639 reperire
1211 3536 1298 3614 licet
1324 3537 1363 3614 in
1389 3538 1445 3614 his
1554 3553 1555 3562 ‘

298 3666 423 3744 verbis
447 3666 672 3745 Tertulliani
694 3667 781 3746 libri
803 3668 849 3745 dc
873 3671 1072 3746 Pudicitia
1094 3673 1189 3747 extr.
1220 3699 1227 3745 :
1257 3705 1273 3736 α
1300 3670 1378 3747 xlii
1400 3669 1444 3747 ad
1554 3683 1555 3770 j

302 3837 317 3868 n
340 3801 493 3879 metalla
509 3802 744 3904 confugiunt,
771 3809 808 3881 et
825 3804 910 3882 inde
933 3805 1268 3883 communicatores
1287 3805 1445 3906 [litteras
1554 3849 1555 3864 .

303 3973 319 4004 n
341 3936 615 4015 communionis
654 3936 770 4040 lapsis
799 3939 944 4041 dantes]
975 3945 1230 4030 revertuntur,-
1270 3942 1334 4018 ubi
1365 3943 1442 4043 jam
1554 4037 1555 4040 Ἴ

302 4073 443 4152 „aliud
469 4073 696 4176 martyrium
721 4076 974 4154 necessarium
1000 4083 1057 4156 est
1080 4076 1225 4155 delictis
1247 4082 1330 4181 post
1348 4101 1443 4155 niar-

325 4465 356 4526 (1)
368 4461 494 4529 Append.
505 4474 587 4527 pagg.
601 4451 649 4526 4⁰,
663 4452 702 4511 48
713 4462 782 4513 extr.
917 4465 951 4528 (2)
963 4464 1089 4529 Append.
1103 4477 1165 4530 pag.
1180 4455 1217 4514 48
1229 4465 1297 4516 extr.
