3170 5134
467 439 530 484 mr.
552 438 591 484 rr.
615 437 649 482 aa
671 436 853 482 mrroarrus.
1080 471 1083 479 .
1136 417 1137 420 ’
1176 420 1228 479 lul

10 607 11 610 ’
95 625 180 679 arun
198 605 237 700 (r)
256 605 493 705 conjecerunt
506 601 754 704 Hippolytum
774 569 995 703 scriptorem
1013 596 1232 675 ecclesiasti-

95 765 175 816 cum
193 741 233 816 in
252 741 388 817 minori
406 739 566 842 quadam
584 740 750 829 civitate,
770 739 877 840 cujus
896 712 1093 813 n'omen'ad
1111 739 1231 836 poste-

96 899 152 951 ros
177 900 253 952 non
279 877 461 978 pervenit,
489 877 744 978 episcopatum
770 874 945 976 gessisse3
976 871 1231 949 existimatum

95 1013 215 1084 autem
234 1033 315 1085 esse
337 1011 476 1086 Portus
496 1009 660 1088 Romani
678 1009 908 1110 episcopum,
936 1006 1025 1109 quia
1042 1005 1081 1081 in
1100 1030 1142 1083 eo
1168 1031 1231 1108 op-

95 1141 175 1242 pido
209 1146 356 1244 martyr
389 1143 541 1244 quidam
575 1142 827 1244 homonymus
861 1164 994 1243 passus
1028 1138 1154 1226 fuerit,
1187 1164 1232 1214 ex

95 1277 245 1354 Oriente
263 1260 431 1354 fortassis
445 1277 534 1354 illuc
552 1277 713 1366 delatus,
729 1300 840 1378 quem
858 1275 1050 1377 interjecto
1068 1279 1233 1376 tempore

95 1438 174 1490 cum
194 1413 400 1516 Hippolyto
419 1415 591 1517 episcopo
609 1417 646 1490 ct
663 1414 813 1490 doctore
830 1410 1090 1488 confuderunt.

143 1616 203 1699 19.
229 1637 278 1700 v.
309 1622 490 1698 ductores
520 1645 610 1696 vero
645 1622 830 1696 Hz'storr'ce
864 1620 1063 1696 litterariae
1097 1616 1232 1695 Galliae

92 1759 315 1832 censuerunt
333 1754 581 1857 Hippolytum
599 1754 744 1830 nullam
762 1753 938 1830 habuisse
961 1753 1075 1829 fixam
1093 1753 1230 1842 sedern,

22 1977 26 1984 Ι
93 1888 151 1962 sad
177 1889 492 1989 quemadmodum
523 1889 658 1968 Oaium
685 1893 739 1987 (2),
768 1889 883 1966 fuisse
908 1888 1122 1990 episcopum
1148 1913 1232 1988 gen-

92 2023 196 2099 tium.
228 2023 325 2110 Quae
350 2027 565 2127 conjectura
593 2027 744 2104 omnino
770 2025 936 2127 gratuita
961 2029 1018 2102 est
1041 2029 1078 2102 et
1102 2031 1232 2104 exorta

93 2155 322 2235 solummodo
340 2185 386 2236 ex
405 2160 624 2239 difficultate
641 2187 725 2263 quae
744 2161 903 2239 habetur
925 2162 965 2238 in
989 2162 1231 2241 conciliandis

10 2399 11 2402 Ἴ
93 2295 263 2369 veterum
278 2295 513 2373 testimoniis,

137 2494 202 2576 20.
228 2511 300 2574 VI.
329 2493 540 2594 Singularis
572 2499 628 2571 est
657 2495 794 2596 opinio
817 2494 958 2573 Christ.
991 2496 1089 2596 Aug.
1125 2498 1230 2576 Hau·

10 2639 11 2694 l
92 2656 211 2718 arnan,
232 2631 299 2732 qui
317 2631 558 2731 comprobare
581 2630 685 2706 nisus
711 2635 767 2708 est
785 2635 821 2729 (a)
842 2631 1089 2735 Hippolytum
1116 2633 1231 2712 luisse

91 2765 237 2864 quidem
258 2763 484 2866 episcopum,
505 2789 579 2840 non
593 2768 716 2841 tamen
735 2764 1041 2854 ecclesiasticum,
1057 2766 1119 2843 sed
1138 2767 1229 2845 civi-

89 2897 168 2975 lem.
190 2898 237 2975 In
257 2922 370 2999 quam
388 2900 608 2977 sententiam
630 2924 749 3002 pauca
774 2900 946 3002 quaedam
968 2901 1059 2978 citat
1076 2902 1158 2979 loca
1183 2929 1229 2980 ex
1267 2909 1268 2914 ’

90 3034 218 3132 graecis
243 3033 445 3136 latinisque
476 3035 734 3136 scriptoribus,
761 3035 859 3111 unde
880 3035 951 3112 sibi
973 3037 1123 3113 videtur
1152 3038 1226 3115 ool-

10 3239 12 3246 ,
89 3168 199 3269 ligera
217 3196 329 3273 posse
346 3169 416 3246 hoc
440 3195 574 3248 nomen
598 3171 759 3274 episcopi
786 3170 986 3273 aliquando
1004 3173 1228 3251 attributum

10 3357 11 3360 κ
90 3303 199 3382 luisse
216 3307 268 3382 iis
295 3306 358 3407 qui
376 3305 505 3383 civilia·
524 3307 697 3408 quaedam
712 3331 872 3384 munera
889 3312 1115 3396 exercerent,
1135 3312 1172 3386 et
1190 3310 1228 3386 in

90 3440 215 3540 primis
233 3464 313 3517 orae
331 3441 530 3517 maritimae
547 3445 659 3544 atquc
676 3441 768 3519 adeo
786 3446 962 3543 portuum
980 3443 1195 3521 custodibus
1217 3476 1224 3522 :

91 3574 182 3651 unde
207 3573 452 3676 Hippolytus,
479 3578 564 3652 ortu
589 3575 747 3653 fortasse
772 3581 984 3666 Romanus,
1004 3603 1050 3654 ex
1076 3604 1230 3657 munere

92 3711 254 3786 Romani
268 3721 406 3806 portus
422 3711 618 3806 episcopus
635 3710 757 3787 dictus
783 3709 908 3788 fucrit.
931 3711 1059 3790 Sedet
1083 3715 1228 3788 senten·
1339 3733 1345 3748 ·

10 3891 12 3938 p
91 3844 176 3920 tiam
207 3868 319 3922 suam
344 3845 559 3922 confirmari
589 3847 643 3924 ait
673 3847 874 3924 Heumann
900 3873 945 3924 cx
975 3850 1100 3924 statua
1129 3873 1228 3925 mar·

10 4019 11 4024 =
92 4001 212 4056 morea
243 3979 456 4082 Hippolyti,
489 4005 573 4082 quae
602 4005 648 4058 ex
679 3982 842 4060 Romani
871 3986 1001 4084 portus
1032 3981 1228 4060 ruderibus

120 4350 147 4412 ‘d
157 4349 295 4402 narsen.
310 4363 394 4414 supra
405 4365 466 4416 ras·
481 4352 536 4403 no.
548 4353 604 4403 not·
614 4353 638 4403 2.
706 4363 736 4413 or
747 4353 862 4407 uasat.
874 4355 1011 4419 Gottingae
1019 4354 1092 4406 erra
1101 4355 1225 4418 aalma

10 4457 11 4500 l
121 4440 147 4502 (²)
159 4439 263 4504 Dequo
276 4439 342 4503 (lap.
353 4451 411 4501 seq.
