3180 5134
501 1141 758 1202 Arrnnnix
788 1145 825 1202 F.

246 1405 483 1456 TESTIMONIA
508 1408 694 1458 VETERUM
719 1409 767 1458 DE
794 1411 1078 1460 TERTULLIANO.

132 1687 166 1748 1.
194 1697 344 1752 Ensnenns
372 1697 582 1754 cmsnamnsrs
609 1699 644 1754 H.
672 1700 704 1755 E.
731 1701 764 1756 ll.
793 1696 811 1752 i
838 1719 845 1756 :
880 1723 894 1746 u
923 1701 992 1756 Haec
1024 1698 1234 1769 Tertullianus,

89 1795 133 1850 vir
151 1795 248 1868 legum
269 1799 470 1856 Romanarum
484 1801 686 1870 ,peritissimus
707 1804 737 1860 et
749 1804 828 1861 inter
847 1803 966 1860 Latinos
980 1803 1141 1874 scriptores
1160 1803 1236 1862 cele-

89 1891 239 1952 berrimus.
263 1919 278 1942 n
300 1894 352 1967 (l)'

129 2029 167 2094 2.
190 2039 396 2097 Hrnaonrnus
420 2043 464 2098 lle
486 2043 581 2099 Viris
602 2043 715 2100 illust.
740 2058 807 2113 cop.
829 2044 876 2102 53.
897 2043 1130 2100 «Tertullianus
1153 2057 1234 2113 pnes-

86 2141 178 2210 byter,
193 2158 270 2200 nnnc
283 2144 402 2202 demum
416 2148 482 2216 post
494 2149 643 2205 Victorem
660 2150 691 2206 et
706 2149 894 2218 Apollonium
911 2149 1084 2204 Latinorum
1101 2147 1232 2218 ponitur,

85 2239 242 2308 provinciae
252 2242 369 2310 Allicae,
379 2245 507 2302 civitatis
519 2246 778 2318 carthaginiensis,
787 2248 872 2318 patre
883 2247 1061 2303 centurione
1071 2259 1232 2316 proconsu-

85 2338 147 2395 lari.
164 2342 216 2397 Hic
229 2340 308 2396 acris
325 2341 355 2396 et
372 2340 554 2399 vehementis
568 2344 688 2413 ingenii,
700 2343 755 2399 sub
769 2345 878 2399 Severo
889 2343 1025 2412 Principe
1039 2341 1069 2396 et
1083 2341 1232 2397 Antonino

85 2438 231 2494 Caracalla
244 2439 373 2494 maxime
389 2438 501 2506 floruit,
515 2441 667 2511 multaque
680 2439 800 2510 scripsit
813 2439 975 2505 volumina,
990 2452 1057 2508 quse
1071 2438 1141 2508 quia
1159 2439 1230 2494 nota

84 2533 149 2590 sunt
168 2534 312 2605 pluribus,
327 2535 628 2605 praetermittimus...
645 2537 698 2591 Hic
715 2550 784 2592 cnm
804 2535 946 2606 usquead
961 2533 1089 2590 mediam
1109 2533 1229 2591 aetatem

84 2633 235 2703 presbyter
253 2632 392 2690 Ecclesiae
409 2634 631 2703 permansisset,
646 2634 758 2691 invidia
776 2635 880 2704 postea
896 2633 927 2690 ei
945 2633 1133 2690 contumeliis
1144 2632 1232 2691 cleri-

84 2743 183 2786 corum
195 2732 336 2787 Romanae
353 2731 492 2787 Ecclesiae
505 2731 541 2786 ad
556 2715 688 2787 Montani
701 2731 809 2800 dogma
822 2731 970 2800 delapsus,
985 2731 1016 2786 in
1029 2729 1131 2786 multis
1145 2730 1229 2786 libris

83 2839 165 2882 norm
189 2827 358 2898 Prophetis
382 2827 532 2893 meminit,
560 2827 729 2896 specialiter
753 2827 854 2882 eutem
879 2826 1039 2883 adversum
1066 2825 1229 2882 Ecclesiam

81 2921 173 2978 munit
187 2922 341 2980 volumine
362 2923 399 2980 de
422 2924 572 2994 pudicitia,
591 2925 628 2980 de
650 2925 901 2994 persecutione...
927 2924 1092 2994 Ferturque
1116 2923 1228 2980 vixisse

80 3020 226 3089 usquead
249 3021 429 3092 decrepitam
452 3022 583 3090 aetatem,
603 3023 634 3080 et
652 3024 748 3080 multa
761 3038 837 3094 onae
860 3039 918 3082 non
942 3023 1062 3084 exstant
1084 3023 1228 3094 opuscula

81 3115 252 3174 condidisse.
270 3117 338 3192 »¹(2)

122 3253 160 3317 3.
182 3265 378 3322 Auensrinus
400 3268 444 3322 De
464 3268 592 3348 linares.
613 3267 655 3322 ad
677 3267 958 3331 Quodvultdeum
977 3281 1044 3336 cop.
1063 3268 1108 3323 86.
1129 3288 1143 3314 u
1159 3268 1227 3323 Ter·

79 3365 246 3426 tullianistas
268 3385 286 3425 a
308 3369 501 3437 Tertulliano,
525 3373 611 3442 cujus
639 3373 735 3429 multa
759 3373 899 3444 leguntur
923 3373 1068 3443 opuscula
1090 3373 1227 3442 eloquen-

78 3461 186 3524 tissime
207 3469 330 3538 scripta,
353 3471 502 3543 usquead
525 3469 661 3526 nostrum
682 3469 800 3538 tempus
822 3468 967 3540 paulatim
989 3468 1170 3534 deficientes,
1195 3471 1257 3524 in·

79 3563 216 3622 extremis
229 3565 362 3636 reliquiis
373 3567 482 3624 durare
495 3566 658 3638 potuerunt
670 3567 700 3621 in
715 3567 788 3623 urbe
802 3566 1025 3636 carthaginensi
1040 3587 1047 3622 ε
1064 3581 1111 3622 me
1124 3569 1225 3623 autem

76 3659 114 3717 ibi
126 3663 220 3732 posito
230 3663 302 3720 ants
313 3664 428 3734 aliquos
440 3679 567 3722 annos...
584 3663 664 3719 omni
677 3678 715 3720 ex
729 3663 813 3733 parte
827 3661 994 3733 consumpti
1008 3662 1087 3720 sunt.
1104 3664 1226 3718 Paucis-

77 3759 139 3814 simi
152 3761 231 3816 enim
242 3760 293 3830 qui
306 3761 513 3818 remanserant
522 3762 551 3816 in
565 3761 748 3817 catholicam
759 3759 954 3826 transierunt,
969 3774 1113 3829 suamque
1126 3759 1223 3815 basili-

76 3868 223 3928 camquae
234 3874 312 3916 nunc
323 3859 411 3916 etiam
421 3861 575 3917 notissima
581 3859 638 3926 est,
647 3859 805 3916 catholicae
813 3859 1010 3916 tradiderunt.
1024 3857 1224 3915 Tertullianus

76 3967 152 4024 ergo,
171 3954 249 4013 sicut
269 3956 381 4027 scripta
398 3957 463 4027 ejus
482 3955 623 4024 indicant,
637 3957 767 4012 animam
787 3955 860 4012 dicit
879 3954 1079 4013 immortalem
1093 3953 1222 4024 quidem,

99 4211 484 4286 lnTonpsnarntri‘sdnna
492 4219 630 4285 λαμπρῶν.
662 4219 706 4270 sad
728 4220 833 4267 Latinos
851 4222 876 4266 el
895 4218 1076 4266 occidentales.
1097 4243 1124 4251 —
1140 4221 1168 4267 P.
1191 4220 1220 4268 G.

75 4301 157 4349 —Uni
170 4301 370 4349 notatvalsslus
384 4319 389 4348 :
403 4319 416 4340 a
428 4302 497 4349 Solet
506 4303 631 4350 Eusebius
661 4307 677 4350 t.
693 4303 750 4348 xli.
763 4313 789 4358 p.
804 4304 853 4346 l39.

75 4381 244 4431 aomanorum
266 4383 390 4431 vocabulo
412 4384 554 4442 designare,
577 4396 628 4432 non
686 4385 713 4440 (al
725 4383 753 4428 P.
767 4381 797 4428 L.
810 4383 828 4428 t.
843 4378 934 4428 xxlll.
949 4391 974 4439 p.
988 4383 1037 4428 etl.

77 4462 141 4518 ipsos
153 4465 278 4513 Romanae
289 4463 360 4511 urbis
373 4465 505 4521 indigenas
516 4475 546 4512 ac
555 4464 630 4522 cives,
