3208 5150
335 445 374 502 68
535 460 604 506 mss.
627 461 659 506 n.
682 459 718 505 os
740 460 878 507 comnov.
903 457 981 506 cinci
1003 459 1158 506 censeam.
1181 457 1280 508 rxscn.

334 625 604 702 communionis
627 625 915 727 recipiebantur.
940 627 974 702 A
998 627 1259 705 communione
1280 626 1424 705 scilicet
1446 633 1491 706 et

334 759 508 837 societate
538 759 702 838 fidelium
725 759 764 837 in
791 761 907 836 sacris
931 760 978 838 ad
1001 765 1148 862 tempus
1177 761 1328 863 aliquod
1359 786 1487 838 remo·

332 894 516 971 rebantur
536 894 583 971 ad
605 893 805 971 vulnerum
835 894 1031 985 medelam,
1063 895 1230 973 scandali
1260 897 1339 974 dati
1370 921 1485 1000 repa·

333 1028 514 1104 rationem
547 1033 586 1105 et
619 1028 902 1106 aedificationem
936 1029 1063 1132 populi
1100 1030 1310 1108 christiani.
1349 1031 1484 1132 Hujus

331 1169 458 1240 autem
478 1163 633 1241 minoris
655 1165 1051 1243 excommunicationis
1079 1171 1241 1268 quatuor
1264 1171 1373 1244 erant
1395 1193 1484 1270 spe·

331 1299 406 1376 cies
424 1325 489 1376 seu
506 1301 658 1401 gradus,
675 1303 808 1379 Prima
824 1327 847 1379 a
865 1302 944 1380 sola
961 1302 1221 1381 communione
1238 1305 1484 1382 eucharistiae

327 1436 493 1512 arcebat.
528 1437 712 1527 Secunda,
740 1438 901 1516 etiama
930 1438 1102 1541 precibus
1128 1439 1386 1518 eucharisticis
1408 1466 1482 1518 seu

331 1569 509 1646 fidelium.
536 1570 665 1648 Tertia
688 1572 848 1649 addebat
870 1570 1122 1649 exclusionem
1148 1596 1171 1648 a
1194 1572 1365 1674 precibus
1390 1598 1481 1674 quae

332 1705 469 1782 fiebant
491 1729 604 1809 super
624 1706 902 1784 catechumenis
919 1712 957 1785 et
973 1708 1239 1809 poenitentibus
1258 1709 1476 1787 substratis

332 1841 477 1927 Quarta
506 1839 664 1943 denique
692 1842 739 1918 ab
768 1842 870 1919 omni
903 1841 1071 1919 ecclesiae
1101 1842 1272 1942 ingressu
1302 1842 1480 1944 prohibe-

330 1975 395 2050 bat
420 1977 470 2072 (ι).

385 2141 444 2225 14.
472 2145 602 2224 Altera
627 2148 753 2221 autem
779 2167 843 2219 seu
874 2148 999 2237 niujor
1024 2166 1069 2219 ea
1097 2147 1178 2218 erat
1208 2166 1292 2243 quae
1315 2145 1353 2218 et
1374 2165 1480 2217 nunc

334 2279 670 2356 excommunicatio
691 2279 814 2378 major
834 2277 986 2366 dicitur,
1009 2277 1217 2379 antiquitus
1234 2281 1361 2354 autem
1377 2301 1478 2352 aaa·

234 2502 239 2510 ¹
334 2421 459 2491 thenac
487 2413 615 2491 vocari
645 2412 799 2499 solebat,
832 2435 906 2512 qua
935 2410 1077 2488 scilicet
1106 2409 1419 2488 excommunicati
1449 2433 1478 2486 a

332 2531 487 2652 corpore
508 2547 673 2626 ecclesiae
698 2546 961 2623 rescinduntur
982 2549 1020 2622 et
1041 2549 1234 2647 tamquam
1257 2542 1395 2620 ethnici
1415 2565 1476 2616 re-

329 2688 522 2783 putantur.
551 2681 661 2760 Unde
686 2706 752 2757 neo
777 2680 816 2755 in
840 2677 998 2781 publicis
1024 2677 1194 2780 precibus
1216 2679 1254 2752 et
1278 2673 1476 2774 suffragiis

330 2821 475 2919 partem
493 2841 579 2892 cnm
597 2814 751 2917 reliquis
769 2813 939 2891 fidelibus
961 2813 1163 2901 habebant;
1183 2815 1220 2888 et
1237 2810 1269 2886 si
1291 2810 1330 2886 in
1347 2833 1392 2885 ea
1408 2833 1475 2884 ex-

329 2950 665 3029 communicatione
682 2976 702 3027 e
718 2949 817 3026 vivis
830 2949 1099 3037 discessissent,
1119 2946 1324 3024 oblationes
1341 2968 1476 3020 eorum

332 3085 612 3186 rejiciebantur,
648 3108 721 3185 quo
759 3081 1034 3183 significaretur
1071 3079 1266 3156 ecclesiam
1300 3103 1363 3154 eos
1397 3101 1476 3152 non

331 3243 537 3319 agnoscere,
548 3223 741 3321 tamquam
758 3217 926 3294 membra
943 3216 1000 3292 sni
1018 3214 1199 3317 corporis.

381 3403 441 3489 lb·
473 3408 680 3511 Utriusque
716 3407 830 3508 hujus
866 3403 1262 3510 excommunicationis
1299 3403 1476 3505 frequens

331 3543 468 3619 mentio
498 3542 661 3620 occurrit
689 3542 788 3644 apud
819 3547 975 3620 veteres
998 3542 1061 3620 Sic
1081 3543 1327 3618 Accusamus
1348 3541 1471 3617 Serm.

331 3685 415 3758 351.
437 3705 473 3757 n.
498 3687 541 3757 10
563 3711 569 3757 :
595 3717 611 3746 u
633 3681 711 3758 Nos
729 3706 817 3759 vero
836 3681 911 3780 (ait)
929 3705 1154 3783 quemquam
1171 3705 1194 3757 a
1211 3681 1476 3757 communione

336 3851 352 3882 n
373 3815 545 3893 cohibere
562 3841 636 3893 non
650 3841 861 3919 possumus
878 3816 1049 3918 quamvis
1067 3816 1148 3892 haec
1166 3814 1367 3917 prohibitio
1381 3841 1476 3892 non-

338 3986 354 4015 π
376 3949 465 4025 dum
478 3953 650 4028 mortalis
667 3951 729 4040 sit,
745 3953 808 4029 sed
825 3953 1080 4041 medicinalia,
1096 3951 1158 4027 sed
1174 3950 1246 4026 nisi
1264 3955 1330 4029 aut
1343 3957 1477 4053 sponte

336 4122 352 4151 n
374 4084 587 4162 convictum
600 4091 667 4164 ant
680 4085 719 4162 in
733 4112 839 4188 aequo
852 4088 931 4164 sive
945 4085 1118 4164 saeculari
1132 4085 1211 4161 sive
1224 4083 1477 4162 ecclesiastico

363 4391 394 4458 (1)
410 4389 465 4442 Cb.
487 4389 626 4453 Meamne,
647 4391 686 4444 De
705 4396 882 4445 adnrintrtra-
916 4409 976 4460 cap.
990 4395 1030 4446 25.
1044 4409 1071 4446 n.
1084 4395 1122 4446 13.

332 4484 403 4530 lione
414 4479 585 4531 Samamenh'
594 4479 774 4544 Poearrenuoe,
784 4483 883 4534 hovl.
