3208 5150
357 350 395 408 ts>
559 363 631 408 mss.
654 363 684 408 u.
708 363 744 407 ne
765 364 904 411 comnov.
927 363 1008 410 cinon
1030 363 1181 409 censeam.
1205 363 1302 408 naseu.

355 529 452 606 vitas
461 527 659 607 Paschalis
672 528 857 608 translata
870 534 926 607 est
938 554 962 606 a
975 529 1066 606 luna
1077 529 1223 606 decima
1235 533 1378 630 quarta
1393 530 1495 632 primi

356 665 508 755 mensis,
528 691 603 768 qua
624 690 707 742 eam
730 667 891 768 agebant
911 663 1050 752 ludaei,
1070 663 1117 740 ad
1135 663 1234 739 diem
1261 663 1499 739 Dominicam

356 799 526 901 proxime
551 804 765 902 sequentem
786 830 793 876 :
814 804 909 888 tum,
929 798 1027 901 quod
1051 796 1293 900 probabiliter
1318 799 1501 900 conjicere

356 933 457 1024 lieet,
473 940 516 1012 ut
529 935 736 1013 Christiani
754 961 777 1012 a
794 937 816 1014 J
820 935 937 1012 udaeis
950 935 1263 1022 discernerentur,
1279 959 1322 1011 eo
1334 937 1502 1036 temporo

357 1070 566 1171 praesertim
592 1070 712 1172 iisque
733 1071 771 1146 in
796 1071 889 1148 locis
910 1071 974 1147 ubi
995 1070 1076 1171 jam
1102 1094 1176 1145 non
1193 1068 1405 1170 effulgebat
1424 1094 1502 1170 spes

358 1207 380 1284 J
384 1205 510 1282 udaeos
524 1205 571 1282 ad
590 1205 849 1284 Christianam
862 1205 974 1281 fidem
990 1203 1198 1294 alliciendi;
1219 1208 1300 1282 tum
1313 1205 1417 1307 quod
1438 1206 1503 1282 hac

357 1340 502 1417 ratione
534 1341 726 1444 praecipua
759 1340 826 1418 illa
863 1339 951 1418 anni
985 1339 1169 1418 festivitas
1204 1341 1503 1442 conjungebatur

357 1475 548 1552 memoriae
566 1476 850 1553 resurrectionis
868 1473 1033 1564 Domini,
1053 1499 1138 1576 quae
1157 1475 1393 1576 praecipuum
1414 1501 1505 1578 prae

357 1608 553 1687 dicabatur
595 1609 786 1711 religionis
829 1610 1056 1690 Christianae
1099 1609 1387 1686 fundamentum
1436 1613 1503 1706 (il,

305 1721 307 1726 ι
357 1771 544 1848 quamque
569 1745 728 1848 singulis
750 1747 957 1825 Dominicis
978 1719 1217 1834 celebratam,
1246 1745 1445 1847 speciatim
1465 1771 1506 1823 ca
1538 1810 1539 1850 ,

358 1882 556 1960 Dominica
585 1907 659 1984 qua
687 1883 812 1960 locum
842 1883 974 1960 habuit
1004 1882 1166 1959 recolere
1195 1907 1264 1984 par
1289 1885 1386 1970 erat;
1424 1887 1505 1959 tum

358 2018 517 2120 denique
535 2020 632 2122 quod
654 2021 776 2122 magis
800 2021 945 2098 deceret
968 2020 1142 2098 convivio
1164 2018 1344 2096 celebrari
1362 2045 1505 2098 memo·
1544 2064 1545 2068 ¹

356 2153 454 2232 riam
481 2155 765 2232 resurrectionis
788 2156 954 2245 Domini,
981 2181 1054 2232 non
1080 2155 1172 2232 adeo
1194 2156 1275 2256 ejus
1300 2155 1504 2256 passionis,

355 2311 440 2388 quae
453 2288 578 2391 potins
591 2289 735 2392 jejunio
749 2295 786 2368 et
802 2291 906 2368 luctu
924 2291 1070 2392 agenda
1087 2290 1296 2369 videbatur.
1318 2291 1359 2368 Id
1373 2299 1505 2370 autem

355 2444 429 2498 non
447 2421 575 2498 eodem
600 2427 767 2525 tempore
783 2424 920 2524 ubique
938 2424 1132 2500 inductum
1150 2427 1217 2500 est.
1246 2426 1345 2501 Nam
1363 2425 1401 2502 in
1425 2427 1504 2505 Ro-

356 2577 468 2630 mana
485 2553 641 2631 ecclesia
657 2555 808 2633 videtur
825 2557 898 2634 ista
915 2555 1114 2660 disciplina
1126 2557 1207 2661 Jam
1221 2547 1268 2634 ab
1286 2558 1366 2661 ipso
1384 2560 1504 2637 Petro

355 2687 529 2765 instituta
556 2693 595 2766 et·
617 2689 704 2766 inde
726 2691 765 2767 in
787 2690 881 2768 alias
903 2691 1079 2769 ccclesias
1109 2691 1379 2782 Occidentalcs,
1404 2694 1506 2770 sicut

354 2822 436 2924 ipsa
453 2823 623 2901 doctrina
640 2825 871 2928 evangelica,
892 2852 1076 2904 manasse.
1100 2827 1150 2904 Et
1163 2827 1259 2904 forte
1277 2827 1315 2904 in
1333 2827 1504 2904 ecclesiis

353 2957 571 3036 Palaestinae
588 2965 625 3038 et
639 2961 774 3062 Syriae,
790 2987 883 3064 quas
897 2987 984 3038 cum
1002 2962 1179 3040 Romana
1192 2961 1231 3037 in
1245 2962 1315 3038 hac
1333 2960 1399 3039 lite
1417 2989 1505 3040 con-

354 3096 513 3174 sensisse
543 3083 726 3175 Eusebius
761 3099 889 3186 refert,
924 3099 1148 3176 auctoritatc
1177 3097 1290 3174 etiam
1324 3096 1430 3174 Petri
1466 3101 1505 3174 et

354 3231 468 3308 Pauli
485 3232 782 3340 postconoilium
796 3232 1189 3335 Hierosolymitanum
1202 3230 1417 3309 introducta
1429 3237 1499 3308 est.

356 3365 400 3441 ln
417 3364 583 3443 ecclesiis
600 3391 690 3445 vero
706 3369 809 3445 Asiae
832 3369 991 3446 minoris
1010 3367 1106 3445 nihil
1125 3367 1241 3444 veteri
1260 3365 1349 3444 ritui
1367 3366 1504 3442 immu-

356 3499 512 3576 tandum
535 3501 723 3578 censuisse
748 3502 928 3580 videntur
948 3501 1118 3606 Apostoli
1140 3502 1204 3603 qui
1230 3501 1366 3577 ibidem
1388 3499 1501 3576 fidem

358 3641 629 3740 propagarunt,
645 3663 872 3741 quamquam
887 3639 1032 3716 Paulus
1046 3638 1185 3742 Ephesi
1199 3637 1388 3714 biennium
1401 3659 1501 3712 com-

358 3775 526 3849 moratus
550 3775 606 3850 est
629 3775 686 3870 (2);
713 3773 775 3850 sed
794 3774 890 3852 forte
906 3778 1059 3877 propter
1074 3772 1386 3850 contradictiones
1404 3796 1500 3871 quas

357 3905 409 3982 ibi
427 3911 602 4008 expertus
620 3912 676 3985 est
693 3909 875 3988 abstinuit
892 3935 915 3987 a
932 3909 1133 4012 praebenda
1148 3908 1170 3985 J
1174 3907 1291 3983 udaeis
1317 3905 1384 3983 illa
1402 3931 1501 3983 nova

355 4040 570 4120 offensionis
587 4067 703 4120 causa
720 4047 770 4141 (a).

385 4291 415 4354 (ι)
426 4289 449 4340 1.
466 4288 528 4341 Cor.
541 4303 586 4341 xv.
602 4292 682 4343 12-22.
972 4291 1002 4353 (al
1020 4289 1061 4341 Ex
1079 4289 1123 4340 his
1139 4289 1284 4341 ostendere
1300 4288 1437 4340 conantur
1453 4289 1499 4340 ad-

385 4385 415 4448 (ι)
428 4381 487 4436 Act.
501 4395 558 4437 xlx.
574 4385 612 4436 lo.
941 4381 1056 4435 versarii
1068 4380 1218 4434 Catholicae
1226 4380 1350 4432 veritatis
1359 4393 1440 4444 quam
1451 4395 1499 4446 pa·
