3208 5150
667 463 740 512 mss,
762 465 781 509 Ι.
806 463 840 508 ΒΕ
862 463 930 510 nott.
953 463 980 508 S.
1002 461 1082 507 rma!
1104 461 1190 506 EPlSG.

739 706 1022 770 cumcuma
1050 707 1096 766 11.

420 951 463 1002 DE
478 953 690 1004 ARGUMENTIS
706 949 899 998 SENTENTIA}
914 949 1078 996 NEGANTIS
1093 949 1114 996 A
1128 947 1425 999 PROTESTANTIBUS

701 1044 955 1104 ANTIQUIORIBUS
971 1043 1137 1094 PROLATIS.

403 1267 437 1351 7.
452 1271 554 1348 Inter
570 1273 746 1373 patronos
764 1270 877 1370 hujus
891 1266 1084 1346 sententiae
1098 1267 1335 1368 distinguere
1345 1265 1498 1368 juvabit

352 1405 608 1482 Protestantes
638 1404 867 1506 antiquiores
897 1429 962 1480 scu
988 1428 1062 1478 non
1092 1401 1348 1478 rationalistas
1372 1405 1409 1476 et
1438 1425 1497 1476 re·

274 1625 276 1628 v
352 1538 533 1615 centiores
564 1564 628 1614 scu
663 1537 929 1616 rationalistas
968 1537 1024 1613 De
1057 1536 1225 1638 priorum
1261 1535 1497 1636 argumentis

350 1673 608 1750 tantummodo
631 1699 752 1751 sermo
774 1675 846 1750 erit
862 1674 901 1749 in
919 1673 989 1750 hoc
1006 1666 1179 1750 articulo.
1202 1670 1418 1748 Admittunt
1438 1668 1505 1780 illi,

351 1806 585 1884 authentiam
617 1808 940 1913 etauctoritatem
970 1807 1134 1884 Actuum
1159 1804 1426 1906 Apostolorum
1458 1809 1498 1880 et

350 1938 621 2043 Epistolarum
647 1965 776 2018 earum
798 1938 932 2017 saltem
954 1965 1038 2041 quae
1059 1939 1158 2015 inter
1179 1938 1294 2015 libros
1323 1945 1495 2040 protoca-

350 2073 502 2151 nonicos
529 2077 576 2152 N.
606 2075 649 2152 T.
676 2075 874 2164 habentur,
898 2079 935 2151 et
956 2074 1069 2151 etiam
1091 2099 1245 2175 operum
1270 2099 1354 2174 quac
1374 2072 1493 2178 vulgo

291 2297 295 2304 ,
349 2212 607 2291 attribuuntur
620 2213 799 2290 Patribus
812 2211 1050 2314 Apostolicis.
1073 2211 1203 2286 Fidem
1221 2211 1355 2290 Romae
1369 2210 1493 2312 primo
1596 2225 1597 2230 ’

350 2345 592 2450 praedicatam
623 2346 731 2424 aiunt
759 2371 826 2449 per
854 2346 1018 2422 advenas
1050 2345 1242 2423 Romanos
1268 2343 1330 2445 qui
1357 2343 1493 2445 primae

348 2480 454 2558 Petri
481 2481 738 2583 praedicationi
766 2480 1040 2582 Hierosolymis
1067 2480 1126 2556 die
1156 2480 1395 2555 Pentecostes
1425 2478 1492 2554 ad·
1596 2563 1597 2578 χ

348 2615 501 2691 fuerunt
519 2617 571 2713 (ll,
592 2620 659 2693 aut
682 2616 776 2692 forte
797 2641 865 2719 per
881 2613 1059 2717 Aquilam
1077 2613 1184 2690 illum
1203 2617 1240 2690 et
1257 2610 1489 2698 Priscillam,
1596 2683 1597 2690 ,

346 2749 445 2850 apud
483 2773 574 2850 quos
610 2751 735 2829 Roma
768 2750 895 2827 exules
935 2750 1108 2828 Corinthi
1146 2753 1398 2826 commoratus
1434 2752 1492 2823 est

333 2881 504 2970 'Paulus
540 2888 578 2961 et
606 2885 670 2985 qui
705 2885 790 2960 inde
828 2909 912 2960 eum
948 2886 987 2960 in
1022 2883 1258 2985 praedicando
1293 2880 1490 2980 evangelio
1596 2921 1597 2930 κ

345 3017 535 3118 adjuvisse
559 3018 736 3119 leguntur
760 3021 809 3116 (2).
838 3017 993 3120 Triplici
1025 3021 1151 3094 autem
1180 3019 1491 3118 argumentorum

346 3177 481 3254 genere
506 3153 746 3230 traditionem
771 3153 995 3230 catholicam
1021 3153 1066 3229 de
1095 3152 1269 3230 Romano
1298 3149 1402 3227 Petri
1429 3149 1489 3225 iti-

346 3313 434 3366 nere
457 3293 494 3365 et
510 3288 725 3391 episcopatu
744 3289 978 3392 impugnant,
1000 3289 1122 3391 primo
1146 3287 1288 3364 scilicet
1304 3290 1341 3362 et
1358 3285 1489 3386 praeci-

345 3449 419 3526 pue
447 3428 669 3524 argumento
701 3410 877 3525 negativo
911 3423 1131 3521 multiplici,
1173 3421 1305 3496 deinde
1339 3419 1490 3495 eludere

346 3557 496 3634 nitendo
522 3558 599 3634 vim
625 3559 924 3636 testimoniorum
953 3581 1068 3659 supra
1090 3555 1305 3642 allatorum,
1329 3553 1489 3653 denique
1596 3631 1597 3648 χ

345 3694 576 3795 argumentis
594 3694 805 3771 contrariis
826 3695 848 3771 J
852 3719 913 3771 am
931 3693 977 3770 ad
997 3690 1158 3793 singula.

396 3889 434 3971 8.
452 3901 484 3964 Ι.
504 3891 777 3990 Argumentum
798 3888 1015 3990 negativum
1032 3889 1233 3964 desumunt
1253 3916 1260 3959 :

399 4082 435 4152 l⁰
452 4075 512 4152 Ex
529 4073 676 4151 silentio
693 4074 859 4150 Actuum
875 4070 1153 4174 Apostolorum.
1172 4068 1343 4155 Quorum
1356 4071 1490 4142 auctor
1596 4055 1597 4128 ᾗ

347 4209 520 4315 quamvis
539 4207 722 4311 singulari
741 4207 862 4285 studio
881 4231 925 4283 ea
943 4231 1026 4306 quae
1045 4206 1181 4280 Petrus
1204 4201 1244 4276 in
1259 4201 1282 4276 J
1285 4198 1393 4274 udaea
1410 4199 1491 4298 egit

373 4481 404 4546 (ι)
422 4480 480 4532 Aet.
501 4493 526 4532 n.
549 4482 586 4533 lo.
931 4479 960 4541 tr)
974 4477 1031 4528 Act.
1046 4471 1349 4537 xrrrr.2‚18‚26.ltom.
1365 4482 1418 4520 xvi.
1430 4471 1487 4524 3-5.
1596 4439 1597 4444 ἵ
