3170 5134
437 477 500 524 car.
523 477 562 524 n.
584 479 618 526 ln
638 477 854 526 romanianus.
1155 465 1213 524 175

124 641 162 728 5.
186 663 237 727 V.
266 648 302 723 A
320 647 479 737 fortiori,
498 649 631 727 saltem
647 649 757 727 valde
777 649 931 726 dubium
948 653 1117 753 estquod
1135 653 1214 729 sine

78 782 313 860 hesitatione
330 785 546 885 pronuntiat
563 785 709 863 Onumn
730 815 736 860 :
762 820 777 850 κ
799 784 1004 862 Tertullien
1021 811 1044 863 a
1060 792 1118 864 aa
1134 791 1214 890 prt-

77 921 130 993 tre
146 919 192 994 de
210 917 354 1008 Rome;
375 919 401 994 il
418 946 444 1022 y
460 926 627 998 aexerce
644 945 716 996 une
728 920 869 1022 grande
886 919 1069 997 influence
1085 945 1155 1024 par
1172 947 1214 999 sa

76 1051 250 1129 brillante
268 1052 467 1155 eloquence
479 1059 516 1132 et
531 1080 601 1157 par
617 1081 660 1132 sa
672 1059 777 1140 vaste
794 1054 978 1130 erudition
995 1090 1010 1120 n
1029 1057 1065 1152 (1)
1087 1084 1094 1130 :
1116 1055 1212 1156 quod
1326 1033 1336 1054 ’

77 1188 260 1287 posterius
274 1215 383 1268 nemo
399 1196 484 1268 ante
502 1191 636 1270 Oruice
660 1193 808 1268 videtur
824 1186 1028 1268 arbitratus
1046 1215 1137 1268 esse.

124 1367 263 1451 av1.
294 1369 422 1472 Neque
450 1370 653 1472 quidquam
678 1394 807 1446 eorum
833 1395 916 1471 quae
940 1370 980 1445 in
1002 1373 1106 1446 sexta
1127 1369 1214 1443 nota

78 1506 240 1584 indicata
258 1511 347 1583 sunt
363 1505 562 1583 concordat
578 1531 664 1582 cum
681 1505 728 1581 iis
751 1529 835 1606 quae
851 1504 1023 1581 novimus
1041 1503 1085 1579 de
1102 1501 1215 1578 histo

78 1642 131 1717 ria
164 1640 407 1729 Tertulliani,
443 1641 515 1716 nisi
546 1642 643 1743 quod
677 1646 789 1742 caput
821 1640 986 1717 extiterit
1019 1638 1213 1739 cujusdam

77 1781 184 1852 sectae
211 1775 463 1852 schismaticae
492 1780 529 1852 ct
553 1775 753 1864 haereticae,
781 1775 844 1852 sed
871 1773 1112 1874 Carthagine,
1140 1797 1213 1848 non

79 1907 224 1998 Romae,
252 1908 376 2010 idque,
401 1910 433 1984 si
456 1909 599 1985 auctori
619 1910 893 1985 Praedestinctz'
910 1907 1132 1984 credendum
1149 1905 1211 1993 sit,

73 2047 149 2144 jam
177 2051 269 2123 ante
293 2071 354 2123 an.
389 2053 470 2134 177,
501 2045 566 2122 ubi
595 2045 735 2123 scilicet
759 2047 850 2124 obiit
872 2047 979 2125 Soter
1003 2047 1041 2124 S.
1063 2046 1126 2132 Ρ.,
1150 2044 1213 2144 qui

78 2179 381 2258 'tertullianistas
397 2182 593 2258 damnasse
610 2181 747 2258 dicitur
764 2185 813 2281 (ε).

464 2475 746 2535 ΑΜῙῦῦΙιῦΒ
779 2476 826 2534 11.

262 2728 338 2774 ALIA
353 2728 554 2776 ARGUMENTA
569 2729 696 2776 CONTRA
711 2729 798 2776 HANG
813 2729 1030 2777 SENTENTIAM.

126 2984 161 3068 7.
187 2989 382 3066 Praeterea
398 2993 528 3067 contra
545 2989 640 3068 hanc
657 2990 879 3067 senteutiam
896 2992 1018 3069 obstat
1034 2993 1131 3094 quod
1153 3023 1160 3068 :

126 3129 162 3198 l⁰
179 3123 364 3212 Quamvis
382 3125 582 3201 secundum
600 3111 720 3226 ipsam
745 3123 998 3201 Tertullianus
1012 3151 1104 3227 opus
1121 3129 1212 3201 Plri-

80 3259 140 3330 los.
160 3257 442 3359 conscripsisset
458 3261 568 3336 aetate
583 3257 694 3334 valde
711 3261 885 3360 provecta
902 3261 952 3357 (a),
973 3258 1067 3335 nihil
1084 3264 1210 3336 tamen

80 3389 114 3465 in
131 3395 213 3468 toto
232 3391 302 3469 hoc
319 3418 429 3495 opere
446 3393 629 3495 reperitur
646 3392 710 3468 ubi
727 3391 1001 3495 aliquantulum
1019 3395 1211 3495 perspicue
1283 3435 1286 3442 ·

80 3522 269 3602 alludatur
296 3527 343 3603 ad
377 3552 490 3630 opera
518 3528 598 3629 ejus
631 3525 890 3629 praecedentia,
923 3527 1056 3628 quibus
1086 3527 1211 3604 varios

81 3657 273 3738 haereticos
290 3663 371 3739 fuse
387 3664 617 3740 refutaverat
633 3666 646 3760 (
665 3667 690 3759 ).

128 3835 167 3918 8.
191 3845 231 3916 2⁰
260 3841 341 3918 Etsi
370 3843 550 3921 nonnulla
579 3841 758 3945 opuscula
786 3863 907 3941 graece
931 3787 954 3916 a
980 3839 1211 3916 Tertulliano
1250 3949 1252 3954 ι

82 3977 217 4079 scripta
245 4002 324 4054 esse
345 3977 470 4079 colligi
496 3982 615 4080 potest
640 4001 661 4053 e
684 3975 904 4078 quibusdam
926 3974 1005 4074 ejus
1027 3972 1209 4049 citationi-

111 4297 265 4362 (trusum,
277 4301 328 4352 etc.
342 4315 368 4366 p.
384 4301 437 4351 115.
661 4297 728 4364 (Ch.
751 4308 836 4361 supra
853 4293 917 4359 Gap.
936 4293 973 4343 11.
993 4293 1026 4342 N.
1044 4293 1067 4352 5)
1081 4303 1128 4340 sen
1149 4291 1212 4353 post

112 4391 142 4452 (ε)
153 4387 229 4440 Test.
243 4388 272 4440 6.
456 4451 461 4468 2
659 4398 762 4436 annum
774 4385 831 4436 225.

112 4477 142 4542 (a)
162 4477 295 4530 Videlicet
311 4479 374 4543 post
390 4477 505 4528 mortem
523 4474 628 4528 Callisti
694 4475 723 4538 (r)
735 4473 791 4524 cfr.
804 4473 877 4523 intra
888 4469 921 4520 N.
938 4470 967 4518 13
978 4469 1047 4519 extr.
