3170 5134
359 414 472 460 ruodrut.
496 415 530 460 llll
553 413 630 459 lllll'l.
653 411 759 460 Ausus.
783 415 846 459 ETC.
871 414 958 460 trusus
979 415 1087 462 orcula.
1250 405 1289 463 87

141 584 240 662 buit
267 580 413 682 Origeni
441 584 476 657 et
505 580 545 656 in
574 603 643 656 sua
669 579 890 657 brevissimo
920 579 1140 682 praefatione
1169 607 1289 684 pauca

141 720 271 819 hujus
301 716 474 820 opinionis
503 720 727 818 argumenta
755 717 884 794 attulit
909 718 959 816 (1).
992 715 1133 793 Eodem
1163 723 1288 796 autem

140 877 255 930 anno
278 850 370 928 datae
387 855 472 928 sunt
493 850 531 925 in
554 849 749 926 Periodico
773 849 920 951 anglico
943 851 1185 927 Ecclesz'oste'e
1209 859 1289 929 uod

145 984 379 1078 Theolopiua
406 982 685 1060 dissertationes
719 983 803 1060 duae
831 1007 1028 1085 anonymae
1052 984 1116 1061 ubi
1147 984 1287 1062 Millcri

142 1116 336 1194 sententia
356 1117 541 1194 refutatur
567 1120 718 1219 etopus
744 1116 923 1194 tribuitur
952 1115 1045 1194 Caio
1072 1119 1288 1220 presbytero

128 1253 340 1340 ‚Romano;
364 1276 407 1328 ea
430 1255 556 1328 autem
580 1274 664 1352 quaa
686 1249 782 1326 libro
805 1250 860 1326 IX
884 1250 1064 1326 adversus
1088 1249 1288 1328 Callistum

139 1391 435 1490 exaggerantur,
450 1411 525 1464 non
539 1387 584 1463 de
597 1387 770 1464 Romano
784 1385 969 1462 Pontificc
983 1383 1096 1486 hujus
1110 1386 1285 1476 nominis,

140 1521 210 1598 scd
238 1520 283 1596 de
305 1522 460 1598 obscuro
485 1520 645 1623 quodam
670 1520 846 1598 haeretico
870 1520 984 1622 hujus
1006 1520 1170 1597 nominis
1188 1521 1288 1600 dicta
1408 1623 1411 1630 Δ

138 1661 378 1736 asseruntur.

195 1841 239 1926 6.
264 1845 370 1921 Anno
396 1844 566 1946 sequenti
590 1843 760 1946 pluribus
782 1843 953 1920 articulis
982 1843 1134 1920 insertis
1158 1842 1286 1922 Perio-

136 1979 231 2054 dico
259 1977 492 2054 Berolinensi
522 1981 708 2054 Deatsclre
731 1978 952 2072 Zeitselrrin
977 1985 1050 2072 fite
1078 1979 1287 2056 christliche

144 2113 427 2204 Wissenselzust
443 2110 633 2188 contendit
648 2113 670 2190 J
673 2136 783 2190 nocui
815 2113 1183 2210 Pailoscpooomene
1200 2139 1285 2190 eon-

137 2245 288 2348 scripta
305 2270 384 2322 esse
402 2247 448 2323 ab
467 2245 687 2348 Hippolyto,
703 2247 874 2351 episcopo
894 2247 1097 2324 Portuensi
1116 2251 1152 2325 et
1174 2248 1287 2326 eccle-

136 2380 212 2457 siae
243 2377 403 2455 doctore.
442 2377 567 2465 Quam
596 2379 807 2483 opinionem
837 2405 944 2458 suam
975 2379 1063 2458 feeit
1091 2383 1128 2458 et
1157 2381 1285 2460 multis

135 2512 304 2616 probare
320 2513 476 2588 conatus
494 2516 550 2589 est
567 2513 741 2602 Russus,
757 2514 949 2591 Borussiae
966 2519 1054 2591 tunc
1071 2511 1170 2614 apud
1189 2512 1283 2614 regi-

133 2673 233 2727 nam
249 2648 398 2749 Angliae
415 2648 575 2750 legatus,
596 2651 634 2726 in
651 2675 761 2753 opere
778 2651 876 2753 quod
894 2649 1086 2752 inscripsit
1102 2649 1283 2748 Hippoly-

133 2800 208 2865 tus
225 2793 305 2863 aad
321 2787 380 2862 lis
398 2811 468 2882 ope
485 2789 535 2884 (a).

193 2973 231 3059 7.
257 2977 366 3055 Illam
384 2977 498 3054 etiam
515 2975 678 3053 defendit
692 2976 834 3054 Christ.
852 2977 1144 3054 Wonuswonru
1159 2982 1194 3051 in
1215 2999 1283 3052 suo

134 3137 255 3217 opere
275 3114 386 3189 Sciat
411 3113 640 3207 Hippolytus
660 3116 740 3186 eod
764 3117 825 3187 tue
854 3114 1001 3187 Cleareta
1027 3115 1073 3202 cs
1089 3114 1205 3185 Rome
1230 3111 1279 3206 (a).

135 3246 326 3326 Eamdem
359 3244 513 3322 admisit
552 3248 588 3321 et
622 3245 781 3347 scriptor
821 3243 1008 3321 Periodici
1043 3242 1282 3319 Dubliuensis

134 3383 291 3462 Dudlia
314 3382 463 3458 Reoieec
490 3383 541 3480 (a),
565 3383 605 3457 at
633 3379 744 3456 simul
770 3380 995 3457 contendens
1024 3377 1116 3455 illud
1142 3403 1284 3480 opusc

135 3523 181 3600 S.
219 3517 425 3620 Hippolyto
455 3516 709 3618 conscriptum
738 3513 857 3591 fuisse
880 3539 923 3591 co
953 3513 1092 3591 infelici
1118 3517 1285 3613 tempore

135 3655 222 3742 ubi,
249 3678 272 3730 a
297 3637 470 3731 Romano
491 3650 674 3728 Pontifice
695 3649 879 3738 divulsus
904 3648 1065 3726 adhaesit
1094 3646 1283 3724 erroribus

172 3975 207 4038 li)
219 3973 252 4023 P.
271 3973 303 4024 G.
320 3970 391 4022 XVI.
405 3971 475 4035 part.
485 3983 520 4021 ur.
539 3985 565 4035 p.
579 3971 652 4022 3009.
666 3999 697 4008 -
732 3971 811 4021 Prael.
826 3985 852 4034 p.
867 3970 967 4034 x111(P.
981 3969 1013 4019 G.
1027 3970 1046 4020 t.
1059 3969 1109 4020 Xl.
1124 3983 1149 4032 p.
1163 3970 1214 4030 30).

136 4061 318 4127 Argumenta
330 4059 459 4110 Gronovii
474 4059 611 4110 habentur
628 4059 694 4114 item
760 4059 1021 4124 (alLondon1852.l
1035 4057 1086 4108 vol.
1095 4060 1118 4108 8.
1129 4057 1206 4116 Quod
1217 4071 1284 4121 opus

137 4155 169 4203 in
196 4152 257 4213 ojus
277 4147 435 4212 praelatione
460 4145 592 4199 Thesuur.
616 4147 695 4198 Anti·
728 4149 904 4200 eodemauno
913 4147 1070 4213 germanico
1079 4145 1165 4197 edidit
1174 4145 1283 4210 Lipsiae,

136 4242 214 4305 picit.
231 4237 396 4290 Grceeerum
407 4237 471 4286 torn.
488 4237 521 4288 X.
536 4251 563 4301 p.
576 4238 622 4288 251
636 4250 695 4300 sqq.
730 4237 809 4288 2vol.
823 4239 858 4302 8„

137 4334 250 4384 Eorum
268 4329 360 4378 autern
379 4327 505 4378 refutatio
525 4327 554 4378 in
572 4327 693 4379 editione
758 4327 788 4392 (a)
800 4327 915 4380 London
928 4327 998 4376 1853.
1011 4327 1035 4376 8.

139 4417 330 4476 Benedictlna
346 4419 414 4483 Opp.
431 4419 566 4486 origenis,
583 4421 649 4471 tom.
674 4419 695 4469 1.
762 4419 792 4484 (r)
806 4419 893 4484 April.
909 4419 979 4469 lass.
