3208 5150
336 441 396 488 car.
419 443 450 486 u.
473 439 549 497 ocor
569 439 656 488 imos
677 441 782 489 emaus
805 441 889 490 nora
911 441 1040 490 ssorum.
1219 433 1257 494 55

149 593 279 704 imperio
291 608 447 688 multum
467 609 623 712 adjuvit.
641 609 731 687 Inde
748 613 785 710 (ι)
804 609 986 688 Claudius
1000 611 1099 688 inter
1114 614 1255 715 primos

156 737 204 814 sui
215 742 339 848 imperii
357 752 477 838 actua,
501 782 517 813 a
538 746 699 824 edictum
717 748 1001 850 proposuitque
1018 751 1055 826 et
1076 749 1255 853 Agrippae

160 907 174 936 n
191 873 370 980 imperium,
385 881 484 984 quod
498 881 532 958 ei
545 881 697 960 dederat
710 880 826 959 Oaius
841 881 1044 984 [Caligula]
1059 887 1255 966 confirma-

160 1011 235 1089 „vit
257 1020 288 1093 et
306 1017 424 1120 ipsum
445 1017 619 1094 laudibus
642 1018 800 1096 ornabat
832 1047 840 1094 :
873 1017 965 1120 quin
993 1023 1030 1097 et
1059 1020 1257 1123 adjiciebat

158 1147 336 1252 quidquid
348 1155 371 1231 J
374 1152 491 1230 udeeae
504 1155 542 1230 et
554 1152 737 1230 Samariae
754 1152 845 1229 olim
858 1152 951 1230 ad
920 1177 1000 1253 eJus
1017 1176 1080 1230 avr
1070 1153 1255 1237 Herodis

156 1299 317 1378 regnum
331 1285 550 1388 pertinebat.
574 1284 792 1387 Etpaulo
812 1289 1059 1388 posttexorta
1075 1286 1256 1364 seditione
1358 1297 1359 1302 '
1418 1309 1419 1314 ‘

152 1407 353 1498 Alexandriae
369 1420 469 1498 inter
485 1421 697 1498 Judaeoset
680 1421 886 1511 tGraecos,
907 1420 1102 1511 Claudius,
1123 1447 1255 1524 rogan-

153 1545 235 1626 tibus
254 1554 406 1661 Agrippa
422 1561 459 1635 et
485 1556 641 1634 Herode*
656 1557 774 1635 fratre
791 1549 885 1659 ejus,
905 1557 1066 1634 alterum
1091 1558 1255 1637 edictum

155 1684 335 1785 ingratiam
357 1693 574 1770 ludaeorum
599 1691 770 1771 coniecit.
793 1691 865 1768 His
882 1691 1073 1794 expositis,
1093 1691 1148 1770 ita
1172 1718 1254 1796 per-

156 1819 200 1919 git
215 1825 376 1931 losephus
394 1835 431 1930 (a)
458 1861 465 1908 :
491 1867 507 1898 ιι
532 1832 603 1908 His
627 1832 745 1933 igitur
767 1831 898 1909 edictis
922 1831 961 1907 in
986 1831 1255 1910 Alexandriam

159 1961 214 2036 aet
236 1967 339 2044 totum
364 1971 553 2044 terrarum
578 1968 705 2044 orbem
729 1966 855 2043 missis
881 1966 1043 2044 ostendit
1072 1965 1252 2045 Claudius

156 2091 382 2204 »Caesarque
414 2105 512 2179 esset
539 2125 630 2203 erga
657 2100 807 2178 Judaeos
836 2100 1030 2178 voluntate
1058 2130 1065 2177 :
1094 2125 1255 2204 moxque

155 2232 373 2339 Agrippam,
400 2265 558 2340 regnum
575 2245 685 2318 curat
686 2264 811 2329 urum,
831 2239 1144 2343 splendidioribus
1166 2265 1252 2318 auc-

152 2367 245 2446 tum
266 2371 461 2453 honoribus
488 2373 674 2452 dimisit...
683 2375 787 2452 .llle
810 2400 913 2465 vero,
941 2375 977 2451 id
1002 2375 1099 2478 quod
1124 2377 1253 2453 verisi-

147 2503 333 2586 mileerat
318 2509 489 2586 thomini
502 2508 698 2588 facerecui
712 2534 888 2613 prospere
901 2509 1028 2587 omnia
1045 2515 1249 2601 cesserunt,

145 2662 245 2716 scum
266 2643 450 2722 celeritate
468 2669 640 2723 reversus
657 2649 714 2723 est
737 2676 744 2722 :
771 2671 930 2748 eumque
947 2645 1251 2748 Hierosolymam

143 2777 394 2876 »pearenissea
419 2779 593 2857 victimas
618 2805 686 2883 pro
712 2780 922 2881 gratiarum
945 2779 1091 2856 actione
1120 2779 1251 2858 immo·

138 2905 260 3000 alant,
284 2913 334 2990 ita
356 2913 511 2991 utnihil
529 2913 650 3015 alege
667 2913 928 3017 praescriptum
950 2911 1130 2989 omiserit.
1154 2948 1171 2978 n
1192 2913 1252 2990 Ex
1364 2983 1370 2995 .

134 3047 247 3145 quibus
279 3049 423 3126 ultimis
451 3050 589 3139 verbis
621 3051 719 3128 sicut
753 3075 800 3127 ex
836 3023 990 3150 reliquis
1020 3072 1104 3150 quae
1139 3048 1253 3127 refert
1279 3145 1282 3152 Ι

127 3181 295 3287 Josephus
322 3212 404 3288 cap
431 3192 466 3264 7.
496 3211 532 3264 n.
555 3190 632 3276 35,
663 3190 722 3264 sat
724 3185 755 3263 is
781 3187 938 3288 apparet
962 3187 1164 3286 quantto
1063 3182 1251 3261 ttsudio

125 3320 239 3398 statim
266 3321 474 3424 Agrippa
465 3347 505 3398 in
534 3321 643 3398 hoc
635 3325 690 3398 mt
674 3320 888 3398 tenderitu
889 3319 956 3398 J
962 3319 1155 3396 udaeorum
1181 3319 1251 3397 sibi

119 3451 254 3531 animos
267 3455 495 3533 conciliaret.
513 3455 563 3533 Et
547 3455 701 3558 tScript
702 3480 773 3532 ura
789 3480 810 3533 e
810 3455 904 3532 tiam
920 3457 1081 3532 testatur
1094 3454 1252 3531 Petrum

116 3588 262 3692 abipso
291 3592 567 3695 apprehensum
592 3591 708 3669 fuisse
733 3591 822 3692 quia
854 3590 1006 3667 videbat
1035 3613 1074 3664 se
1103 3586 1251 3690 placere

112 3722 251 3802 Judaeis
281 3723 483 3826 discipulos
510 3723 652 3802 Christi
683 3722 935 3826 persequendo
961 3723 1011 3820 (a).
1044 3720 1132 3797 dam
1161 3744 1251 3797 vero
1344 3805 1348 3816 ¹

20 3955 21 3968 Ν
110 3861 382 3942 credendumne
409 3870 466 3942 est
492 3863 620 3940 uirum
642 3867 721 3940 tam
744 3865 911 3939 astutum
937 3863 1089 3958 tamque
1116 3854 1251 3934 sollici·

19 4015 21 4036 '
109 4005 191 4079 tum
221 4003 263 4075 ut
291 3998 455 4099 gratiam
484 4021 639 4074 suorum
668 3993 906 4098 popularium
940 3991 1065 4078 iniret,
1097 3988 1249 4065 creden·

109 4134 248 4210 dumne
265 4135 335 4220 est,
355 4132 523 4232 inquam,
543 4128 652 4206 illum
669 4127 850 4231 usquead
869 4128 1046 4230 quartum
1064 4121 1168 4220 regni
1191 4122 1249 4198 sui
