3208 5150
366 477 424 522 oar.
448 476 479 521 n.
503 475 576 531 ocor
598 475 684 521 anuos
705 475 813 522 neruus
834 477 916 522 noun
937 477 1064 524 senemr.
1246 468 1283 528 57

119 633 313 708 mentum
333 663 371 712 a.
397 654 510 707 exeo
538 628 636 731 quod
666 629 854 732 losephus
886 631 1141 708 narrationem
1167 633 1284 736 ipsius

120 767 276 845 mortis
293 771 330 866 (r)
349 767 402 844 ita
426 765 616 843 concludit
636 795 643 842 :
668 801 684 832 κ
705 765 836 842 Vitam
854 765 990 856 finivit,
1010 792 1152 845 annum
1170 795 1284 871 agens
1375 851 1377 858 ,

124 941 145 956 ··
172 902 307 980 aetatis
324 905 500 1004 quartum
523 903 560 978 et
577 901 947 1002 quinquagesimum,
970 903 1074 1002 regni
1097 928 1186 981 vero
1206 931 1285 1004 sep

125 1075 145 1090 -
173 1039 337 1114 tiorum.
372 1035 545 1124 Quatuor
574 1059 736 1137 namque
773 1035 842 1111 sub
872 1034 965 1114 Caio
997 1034 1148 1115 Caesare
1176 1042 1285 1118 annis

124 1208 145 1224 ·-
174 1173 450 1271 regnaverat...
475 1169 595 1246 tribus
617 1193 729 1271 porro
753 1168 908 1270 reliquis
932 1171 1001 1246 sub
1021 1169 1180 1250 Claudio
1203 1174 1284 1252 Cae-

126 1344 145 1362 ·-
173 1329 269 1382 sare
285 1305 436 1382 exactis.
462 1341 477 1366 v
500 1304 646 1392 Quibus
664 1303 789 1380 verbis
809 1303 1022 1405 significare
1038 1305 1189 1382 videtur
1206 1308 1286 1384 nul·
1358 1317 1361 1326 “

120 1442 217 1518 lam
241 1441 364 1518 adhuc
386 1444 531 1542 partem
552 1438 677 1541 quarti
699 1437 788 1514 anni
813 1437 932 1539 ipsius
958 1437 1063 1538 regni
1082 1439 1282 1520 effluxisse.

122 1578 347 1663 Praeterea,
370 1589 404 1654 b.
428 1600 511 1677 quae
537 1579 595 1651 est
619 1572 739 1650 altera
764 1572 882 1650 nostri
912 1574 1126 1674 argumenti
1152 1577 1285 1652 confir·

123 1711 279 1798 matio,
310 1710 480 1812 Agrippa
515 1707 699 1787 Caesareae
734 1708 827 1785 obiit
859 1707 949 1784 dum
979 1708 1159 1788 solemnia
1191 1710 1287 1788 fosta

125 1847 357 1926 celebrabat
387 1845 425 1921 in
451 1845 632 1921 honorem
658 1841 824 1930 Claudii,
852 1846 946 1920 teste
970 1843 1098 1919 eodem
1122 1845 1286 1947 losepho

124 1985 206 2090 qui
225 1987 266 2082 (a)
288 2015 294 2059 :
319 2021 334 2048 ι·
356 1982 439 2060 Illic
456 1986 584 2060 autem
602 1980 677 2079 (ait)
695 1979 734 2055 in
752 1978 933 2055 honorem
957 1978 1120 2056 Caesaris
1144 1985 1285 2082 specta-

129 2158 150 2172 ·-
178 2115 315 2194 culum
338 2116 482 2203 edebat,
504 2137 591 2190 cum
608 2111 834 2213 intelligeret
858 2137 925 2214 pro
943 2111 1046 2189 illius
1074 2114 1195 2192 salute
1218 2117 1286 2194 hos

128 2291 147 2309 -
177 2251 298 2328 festos
316 2249 394 2326 dies
412 2249 604 2327 institutos
627 2246 755 2324 luisse.
780 2283 795 2312 a
818 2246 966 2325 Scimus
987 2252 1113 2325 autem
1131 2253 1286 2350 quotan-

127 2391 200 2468 nis
222 2388 281 2465 bis
302 2389 343 2464 in
364 2387 543 2464 honorem
571 2385 845 2487 Imperatorum
871 2385 1083 2488 spectacula
1100 2387 1159 2464 edi
1176 2387 1287 2466 solita

124 2547 236 2610 esse,
264 2520 406 2598 scilicet
428 2520 467 2596 in
492 2543 621 2596 eorum
646 2518 706 2595 die
734 2518 851 2596 natali
879 2523 916 2596 et
941 2523 1155 2598 recurrente
1179 2522 1286 2598 anni·

124 2658 312 2736 versario
336 2657 419 2735 initi
442 2659 490 2734 ab
514 2657 561 2732 iis
591 2655 752 2757 imperii.
781 2656 833 2733 At
860 2680 950 2732 vero
975 2654 1125 2732 Claudii
1149 2657 1286 2734 natalis

122 2793 215 2870 dies
240 2791 428 2868 incidebat
451 2792 490 2867 in
514 2814 680 2867 mensem
704 2790 919 2890 Augustum
947 2820 954 2864 ε
982 2790 1218 2893 multaque,
1245 2799 1288 2870 ut

122 2924 376 3004 concluditur
401 2949 426 3018 a
448 2924 594 3002 fortiori
622 2949 669 3000 ex
687 2923 810 3000 verbis
837 2924 876 2999 in
901 2931 1122 3024 argumento
1148 2931 1185 3004 et
1210 2928 1285 3030 pri-

125 3059 194 3137 ori
213 3059 498 3136 confirmatione
525 3058 665 3147 allatis,
698 3057 812 3160 hujus
837 3057 974 3134 natalis
998 3058 1191 3135 occasione
1214 3059 1287 3138 ista

126 3195 356 3299 spectacula
372 3197 418 3272 ab
435 3197 606 3298 Agrippa
623 3195 811 3271 celebrata
833 3197 931 3271 suut.
954 3194 1090 3272 Restat
1107 3194 1223 3295 igitur
1245 3200 1287 3273 ut
1305 3237 1309 3240 ·

126 3333 267 3409 locum
284 3330 483 3408 habuerint
505 3331 545 3406 in
568 3328 827 3407 anniversario
850 3328 1053 3406 evectionis
1071 3328 1220 3407 Claudii
1239 3331 1285 3408 ad

126 3463 342 3565 imperium
369 3490 435 3542 seu
461 3466 499 3541 in
525 3467 599 3542 tine
623 3465 760 3541 mensis
786 3463 959 3541 Januarii
985 3488 1084 3540 anno
1109 3488 1196 3541 aerae
1221 3488 1285 3542 no-

128 3605 231 3676 strae
250 3605 298 3675 44
315 3601 363 3696 (a).

192 3773 234 3854 8.
265 3775 322 3851 Ad
347 3778 439 3877 Arg.
471 3777 520 3853 ll.
551 3776 600 3854 R.
632 3775 725 3852 Haec
755 3777 842 3850 sunt
866 3774 982 3850 verba
1003 3774 1181 3850 Clarom'oz'
1209 3777 1285 3851 Po-

129 3910 282 3989 sobalr's
303 3909 348 3985 ad
370 3933 510 3986 annum
531 3915 555 3987 6
579 3908 728 3987 Claudii
752 3912 854 4006 (aerae
870 3905 974 4007 vulg.
997 3910 1087 4008 45)st
1113 3943 1128 3972 u
1150 3909 1287 3985 Postea

170 4159 206 4222 (ι’
218 4155 307 4215 Quam
316 4157 409 4208 eadem
420 4156 525 4208 ratione
535 4169 590 4219 qua
601 4155 700 4218 Lucas,
735 4154 842 4206 Claudii
851 4168 866 4205 e
875 4152 1028 4215 Britannia,
1038 4153 1084 4217 qui
1093 4153 1210 4219 contigit
1221 4154 1287 4206 item

132 4249 192 4302 sed
207 4245 291 4311 paulo
303 4247 396 4306 fusius,
409 4249 503 4298 refert.
731 4258 825 4295 menso
841 4235 976 4300 «Ianuario
999 4255 1043 4292 an.
1068 4243 1109 4292 44.
1134 4241 1186 4292 Sed
1206 4243 1289 4292 verba

170 4341 208 4398 (ε)
221 4335 288 4399 Cap.
300 4338 322 4386 8.
337 4351 362 4387 n.
374 4339 399 4388 2.
733 4333 750 4384 J
753 4333 847 4398 osaphi
857 4330 1082 4398 potiusvidentur
1091 4329 1213 4380 indicare
1220 4331 1289 4380 resta

153 4425 210 4490 ’(3)
236 4423 348 4484 Quidam
367 4429 426 4478 hauc
448 4425 606 4492 spectacula
627 4424 698 4477 cele·
730 4417 1287 4489 prolmperatorumsoluteseuadfausta

135 4517 229 4570 brata
251 4525 309 4565 esse
325 4519 419 4580 putant
434 4515 580 4568 occasione
597 4514 701 4565 reditus
734 4513 775 4564 eis
787 4510 962 4578 adprecanda
973 4508 1105 4559 institute.
