3208 5150
360 438 422 483 mr.
447 437 486 483 ru.
510 437 544 484 ιιι
566 435 673 483 esurus
694 435 760 483 ιιοιι.
786 429 874 482 mrsu
897 435 1007 482 rurum.
1217 423 1255 484 47

106 604 149 678 in
173 602 282 680 Petri
302 605 340 680 et
361 601 475 680 Pauli
496 602 633 680 throno
658 603 784 680 sedere
803 601 984 703 jactatio
1006 603 1168 680 formula
1193 615 1254 680 ex-

105 738 465 815 communicationis
507 741 638 814 contra
685 737 894 815 Henrieum
940 738 1251 839 Imperatorem...

105 871 279 974 Alioqui,
306 872 379 948 nisi
404 872 588 950 successio
614 873 717 950 istaec
741 873 975 951 auctoritatis
1000 897 1023 950 a
1046 873 1168 951 Paulo
1194 875 1254 952 de·

107 1011 248 1088 rivatae
277 1011 515 1101 admittatur,
541 1036 640 1114 aegre
670 1037 714 1090 ac
742 1037 788 1089 ne
809 1012 874 1088 vix
901 1011 1051 1114 quidem
1075 1012 1255 1117 explicari

106 1149 234 1246 potest
262 1145 427 1222 formula
456 1144 536 1235 illa,
568 1170 682 1247 quam
707 1171 731 1224 a
759 1145 988 1248 temporibus
1015 1146 1162 1224 Nicolai
1189 1149 1251 1225 Ι...
1318 1181 1320 1186 ·

107 1279 260 1358 Summi
291 1281 494 1359 Pontifices
523 1286 722 1385 usurpant,
753 1307 840 1359 cum
863 1286 929 1360 aut
957 1284 1254 1362 excommunica-

105 1413 211 1490 tione
225 1438 309 1491 reos
323 1415 504 1517 defigunt,
519 1420 622 1494 auta
638 1416 799 1519 peccatis
813 1414 1012 1493 elementer
1028 1417 1228 1498 absolvunt
1244 1449 1251 1496 :

106 1551 316 1650 utrumque
333 1549 432 1626 enim
450 1574 490 1626 se
506 1551 731 1628 auctoritate
747 1551 855 1628 Petri
873 1555 910 1628 at
927 1551 1041 1628 Pauli
1059 1551 1256 1630 decernere

106 1688 301 1762 testantur
318 1715 325 1760 :
343 1686 441 1787 quod
459 1687 531 1763 nisi
550 1712 596 1764 ex
613 1689 845 1766 successione
858 1688 971 1765 Pauli
985 1690 1025 1766 in
1039 1690 1254 1794 episcopatu

106 1829 460 1932 interpretationem
489 1831 658 1934 recipiat,
686 1831 860 1934 frigidius
886 1833 1028 1911 dietum
1052 1835 1250 1914 videbitur.

106 1964 278 2040 Labores
296 1965 397 2042 enim
414 1965 461 2042 ad
479 1965 720 2042 erudiendam
737 1966 1042 2071 fundandamque
1061 1969 1254 2050 ecclesiam

99 2096 330 2175 ¹Romanam
355 2123 379 2176 a
404 2098 526 2177 Paulo
554 2101 730 2203 suscepti,
756 2109 793 2179 et
819 2101 924 2179 fusus
948 2104 986 2179 in
1014 2105 1106 2183 urbe
1129 2105 1255 2184 Roma

106 2257 239 2323 cruor,
259 2240 303 2311 ut
320 2235 367 2312 ad
385 2235 482 2313 sedis
500 2235 721 2338 dignitatem
739 2238 950 2340 augendam
976 2241 1255 2344 ornandamque

106 2366 278 2446 maxime
303 2369 513 2460 conterunt,
539 2371 593 2448 ita
614 2371 661 2448 ad
685 2371 946 2483 auctoritatem
971 2373 1253 2476 impertiendam

104 2506 207 2583 nihil
224 2513 293 2586 aut
309 2533 444 2611 parum
461 2509 647 2612 pertinere
663 2509 851 2587 videntur.
872 2546 888 2576 a

159 2694 199 2778 3.
226 2699 320 2776 Haec
345 2699 639 2802 PapebroehiuS,
664 2700 728 2802 qui
755 2699 888 2777 deinde
909 2703 1067 2778 conatur
1090 2701 1254 2780 refutare

101 2841 390 2936 argumentum,
434 2837 533 2938 quod
572 2837 619 2913 ad
657 2837 895 2914 statuendam
933 2838 1253 2940 praeminentiam

102 2969 224 3046 Pauli
247 2994 362 3072 supra
383 2971 539 3047 Petrum
566 2969 767 3048 acatholici
789 2969 977 3047 deducunt
998 2996 1043 3047 ex
1064 2971 1252 3048 veteribus

100 3103 352 3204 imaginibus
387 3105 451 3181 ubi
485 3103 627 3181 scilieet
660 3103 805 3182 Paulus
839 3105 887 3180 ad
920 3104 1112 3181 dexteram
1145 3104 1252 3182 Petri

99 3241 259 3317 visitur.
286 3240 460 3318 Advertit
486 3265 619 3342 nempe
644 3239 682 3318 id
707 3239 805 3340 quod
832 3237 931 3316 latus
955 3238 1128 3316 dextrum
1154 3227 1253 3316 uide

96 3381 186 3460 tur,
212 3373 245 3448 si
269 3374 383 3451 Pauli
409 3374 534 3474 imago
559 3397 646 3450 cum
676 3371 783 3450 Petri
813 3371 977 3474 imagine
999 3377 1250 3474 comparetur,

96 3534 190 3588 esse
210 3509 311 3586 latus
338 3509 546 3599 sinistrum,
575 3510 607 3586 si
631 3509 816 3587 referatur
837 3509 884 3585 ad
910 3508 1148 3611 inspicientes
1174 3540 1181 3586 :
1206 3535 1252 3587 ex

97 3616 186 3752 ilua
214 3647 409 3740 relatione,
440 3650 507 3740 ait,
539 3674 639 3752 saepe
667 3649 876 3727 metiendus
902 3658 959 3727 est
988 3649 1140 3728 honoris
1166 3675 1251 3752 gra-

95 3785 178 3861 dus
212 3784 253 3860 in
287 3786 529 3864 conventibus
567 3785 726 3890 publicis
760 3816 768 3862 :
801 3788 955 3889 ejusque
988 3788 1042 3864 rei
1080 3788 1252 3890 quaedam

97 3921 283 4025 exempla
316 3923 427 4002 affert
459 3927 522 4022 (ι).
561 3924 632 4004 Sed
666 3923 897 4026 probabilius
930 3925 1013 4027 ipsa
1046 3925 1252 4027 suppositio

131 4279 168 4342 (ι)
181 4277 261 4328 Alius
273 4276 350 4328 illius
361 4277 401 4342 (ut
417 4279 665 4344 supponendam·
699 4277 773 4344 apud
784 4278 932 4337 Amisum,
953 4275 1047 4336 Bosro,
1064 4275 1202 4325 Bonnnrrr
1213 4272 1251 4337 (in

97 4383 167 4434 quaa
190 4367 400 4420 consuetudinis
423 4367 545 4419 rationes
566 4369 666 4421 videsis
699 4367 822 4432 ipsorum
830 4363 996 4430 operibusde
1006 4361 1168 4414 coemeteriis
1176 4359 1251 4410 Obri-

96 4463 163 4513 Aca.
176 4458 225 4510 SS.
239 4461 307 4511 tom.
320 4471 368 4510 vu.
386 4459 450 4510 Jun.
464 4473 490 4523 p.
512 4461 619 4511 161-167
638 4463 665 4511 et
698 4457 815 4518 etiamst.
