3170 5134
349 454 408 516 160
587 473 656 519 mss
681 475 723 524 nr.
746 475 782 519 ns
804 474 930 522 lamone
951 476 1251 525 rnrcosornouumon.

401 642 466 728 65.
492 647 577 750 Obj.
605 665 679 728 111.
712 685 728 716 κ
756 648 1057 727 Testatissimum
1080 657 1149 741 est,
1173 653 1377 754 plurimam
1407 680 1489 756 ope-

351 803 432 855 ram
450 780 488 855 in
507 781 632 857 Sacris
650 781 784 859 litteris
798 784 1018 861 enarrandis
1031 787 1078 862 ab
1097 786 1302 889 Hippolyto
1320 813 1402 865 esse
1419 786 1491 863 col-

349 913 525 1005 locatam,
549 940 704 1018 eamque
729 917 820 994 inibi
844 923 950 996 tanta
974 944 1060 996 cum
1085 919 1198 997 laude
1218 921 1427 1022 impensam
1452 925 1492 995 ut

350 1052 649 1152 praestantissimi
676 1053 959 1154 Scripturarum
978 1055 1197 1158 interpretes
1223 1083 1268 1132 ex
1291 1057 1491 1135 Occidente

350 1194 463 1290 atque
493 1188 646 1265 Oriente
678 1194 907 1290 praeeuntem
937 1189 1046 1266 illum
1076 1191 1192 1267 secuti
1222 1190 1373 1267 fuerint.
1409 1191 1491 1278 Oua

351 1351 439 1404 vero
471 1325 753 1427 Scripturarum
783 1326 939 1402 scicntia
972 1324 1135 1428 pollebat
1168 1325 1413 1428 Hippolytus
1450 1349 1492 1401 ea

352 1463 492 1565 passim
510 1464 686 1540 utebatur
710 1466 792 1539 tum
809 1461 1037 1540 Christianis
1054 1461 1240 1562 dogmatis
1258 1459 1490 1537 declarandis

351 1603 433 1672 tum
448 1597 710 1673 haereticorum
723 1597 913 1673 erroribus
930 1597 1176 1673 revincendis.
1195 1597 1399 1674 Videamus
1413 1599 1490 1697 jam

351 1730 440 1832 quid
457 1737 547 1831 agat
573 1731 611 1806 in
629 1729 813 1806 similibus
831 1730 942 1832 plane
967 1729 1153 1830 adjunctis
1171 1733 1301 1806 auctor
1323 1727 1490 1805 Philoso-

352 1867 577 1970 plrumenon.
596 1867 770 1943 Plurima
788 1869 866 1970 ipse
880 1868 1021 1969 prefert
1040 1868 1322 1968 Scripturarum
1340 1865 1489 1942 oracula

352 2001 486 2101 quibus
513 2000 678 2076 haeretici
706 2001 744 2076 in
771 2025 850 2076 rem
877 2026 984 2078 suam
1002 2002 1264 2089 abutebantur,
1284 2025 1350 2077 nec
1368 2005 1489 2076 tamen

352 2160 555 2237 usquam...
585 2136 720 2212 biblico
741 2141 977 2236 argumento,
997 2141 1040 2213 ut
1064 2161 1145 2212 mos
1166 2139 1247 2212 erat
1271 2133 1486 2237 Hippolyto,

352 2294 414 2345 eos
441 2269 676 2347 refellit...A
710 2269 846 2369 inipso
872 2273 997 2345 tamen
1023 2269 1145 2371 operis
1169 2268 1298 2344 limine
1315 2292 1359 2344 ac
1384 2265 1489 2342 vesli-

352 2402 439 2479 bulo
457 2405 692 2505 promiserat,
713 2408 1011 2496 monstraturum,
1026 2430 1066 2480 se
1089 2405 1284 2506 profanam
1303 2403 1487 2478 haereseon

352 2541 549 2641 originem,
577 2566 661 2643 quae
692 2540 870 2616 nimirum
895 2567 1017 2636 neque
1046 2568 1066 2615 e
1095 2543 1297 2638 compluris
1323 2562 1488 2635 nequae
1561 2543 1562 2547 ’

352 2678 478 2752 soracti
500 2679 720 2773 septupium
748 2678 952 2752 traditione
976 2676 1091 2778 repeti
1118 2680 1238 2779 potest
1263 2681 1313 2774 (ι).
1343 2675 1422 2754 Our
1447 2696 1487 2748 ex

353 2809 497 2888 duabus
516 2813 617 2889 hisce
642 2812 811 2916 partibus
829 2837 912 2888 eam
930 2838 1004 2888 non
1022 2811 1183 2889 absolvit
1200 2837 1284 2914 quae
1302 2811 1348 2887 ad
1367 2831 1487 2886 saeros
1560 2791 1561 2829 r

353 2948 497 3024 litteras
523 2947 754 3049 pertinebat?
779 2947 942 3048 Insignis
960 2947 1124 3050 prolecto
1152 2946 1361 3024 Bibliorum
1387 2966 1486 3019 enar·

354 3085 470 3173 rator,
486 3083 694 3183 cujusmodi
709 3087 790 3159 erat
808 3082 1050 3186 Hippolytus,
1071 3084 1358 3158 commemorato
1377 3079 1487 3155 haere·

353 3218 513 3295 ticorum
534 3219 668 3311 abusu,
694 3219 741 3293 ab
772 3217 1062 3320 interpretandis
1089 3218 1160 3294 rite
1189 3241 1232 3293 ac
1264 3210 1487 3317 proferendis

353 3355 559 3454 opportune
597 3350 808 3427 Bibliorum
844 3351 1067 3428 testimoniis
1105 3349 1258 3427 minime
1295 3353 1487 3449 temperas-

354 3489 409 3561 set
429 3521 445 3552 »
471 3488 521 3584 (a).
551 3531 597 3540 -
623 3485 672 3562 R.
702 3485 853 3589 Optime
874 3491 1006 3564 auctor
1031 3490 1175 3563 Philus,
1203 3490 1420 3588 prosecutus
1438 3483 1487 3554 est

354 3644 509 3722 scopum
527 3646 651 3710 suum,
672 3621 735 3722 qui
753 3626 835 3698 erat
851 3647 1035 3726 exponere
1053 3622 1240 3698 doctrinas
1258 3615 1487 3724 philosopho·

353 3778 437 3830 rum
455 3759 625 3831 veterum
644 3761 681 3831 et
700 3756 948 3832 recentiorum
967 3755 1231 3832 haereticorum
1249 3759 1285 3832 et
1301 3751 1485 3831 ostendere

355 3889 422 3966 hos
444 3892 490 3967 ab
513 3890 587 3966 illis
610 3915 680 3967 sua
701 3890 878 3991 dogmata
895 3894 1085 3969 mutuatos
1113 3916 1205 3967 esse.
1232 3891 1319 3967 Jam
1337 3911 1424 3964 vero
1444 3879 1484 3957 ad

354 4025 460 4101 illum
496 4052 648 4128 scopum
684 4051 756 4103 non
787 4027 946 4126 juvabat
978 4028 1034 4104 uti
1068 4026 1299 4128 argumentis
1334 4017 1481 4100 biblicis.

373 4307 415 4371 ’(ι)
428 4311 482 4360 Csr.
497 4309 798 4374 supraP1·ooen1.N.4.
942 4313 1022 4376 urgct
1047 4309 1172 4362 Lernarn
1198 4307 1298 4368 (Rerne
1326 4305 1482 4364 Cariaeque.

386 4405 415 4464 p)
429 4401 470 4451 lta
486 4405 651 4452 Aruseium.
669 4416 729 4464 cap.
750 4403 778 4452 14
795 4403 862 4453 extr.
877 4429 908 4438 -
943 4402 1029 4452 Nouv.
1046 4399 1327 4462 serie‚r.v1.p.125.

355 4491 486 4542 Eamdcrn
520 4493 700 4554 objectionem
735 4493 910 4542 vehomenter
