3132 5140
407 485 528 531 raooeu.
553 487 572 530 e.
596 486 633 530 ue
656 485 760 532 moun.
785 486 951 532 lurnruru.
1194 479 1253 536 biti

112 637 233 714 reditu
264 637 506 739 gratulatur:
533 639 630 739 quod
662 639 693 716 si
718 664 825 717 nemo
850 639 984 718 harum
1010 642 1254 744 epistolarum

111 771 311 850 ueritatem
340 776 465 881 negat,
497 797 539 849 eo
570 773 668 874 quod
694 798 717 850 a
740 775 878 852 Pontio
902 750 1252 878 praetermittantur,

112 907 199 1008 quid
224 907 398 1009 estquod
424 907 555 984 Pontii
579 907 770 985 silentium
788 910 997 988 adducatur
1014 891 1254 1018 ad‘epistolas

113 1041 304 1144 Cypriane
328 1066 401 1118 non
427 1041 657 1130 tribuendae,
687 1041 886 1144 inquibus
918 1043 963 1118 de
993 1041 1254 1122 haereticorum

113 1177 339 1278 rebaptismo
357 1201 479 1252 sermo
494 1176 569 1252 estl
587 1177 719 1252 Potest
731 1180 913 1278 praetcrea
926 1177 1128 1278 probabilis
1141 1204 1257 1257 causa

112 1309 239 1386 afferri
258 1335 326 1387 cur
340 1312 499 1387 Pontius
518 1309 613 1386 nihil
631 1310 676 1386 de
695 1334 739 1387 ea
759 1335 799 1385 re
816 1310 1021 1411 scripserit,
1042 1315 1153 1412 atque
1170 1312 1256 1390 illas

112 1444 289 1548 epistolas
314 1445 537 1523 omittendas
558 1445 798 1547 judicaverit.
829 1445 977 1522 Timere
1006 1447 1105 1523 enim
1135 1449 1258 1550 potuit

112 1605 157 1656 ue
176 1580 314 1656 harum
335 1604 461 1655 rerum
486 1579 694 1656 recordatio
711 1579 868 1654 dedecus
890 1577 1042 1680 aliquod
1067 1579 1256 1681 Cypriane

112 1713 277 1800 afferret,
324 1717 341 1789 t
362 1737 447 1788 cum
470 1737 515 1788 ea
537 1712 700 1788 maxime
723 1710 916 1788 referenda
934 1713 1156 1814 suscepisset
1174 1738 1257 1814 quae

113 1847 156 1922 B.
185 1845 352 1948 Martyri
378 1845 584 1922 honorifica
609 1849 729 1932 erant,
750 1843 948 1920 consilium
966 1844 1161 1948 amplexus
1179 1871 1259 1924 esse

113 1979 277 2069 videtur,
297 1983 418 2056 totum
436 1979 736 2081 rebaptisatiouis
752 1979 942 2079 negotium
957 1979 1217 2080 praetereundi.
1238 2017 1254 2046 n

164 2147 219 2229 12.
245 2149 456 2230 alluctari
488 2172 674 2250 anonymo
704 2151 886 2223 tractatus
917 2152 961 2222 de
991 2149 1259 2243 rebaptismate

114 2313 186 2364 non
218 2291 301 2363 erat
331 2287 428 2362 ratio
459 2309 596 2362 aurea
626 2309 710 2386 quae
740 2285 779 2360 iu
804 2283 871 2360 illa
894 2284 1150 2360 controversia
1174 2290 1260 2362 acta

114 2427 220 2500 erant
238 2421 452 2499 distinctius
466 2423 786 2524 commemoraret.
805 2418 998 2496 Scribebat
1014 2418 1113 2494 enim
1131 2421 1258 2496 statim

114 2560 194 2660 post
219 2581 304 2632 cam
330 2555 512 2656 agitatam
531 2554 591 2630 vel
616 2554 728 2631 etiam
755 2554 850 2631 forte
878 2554 967 2630 dum
991 2553 1114 2630 adhuc
1138 2555 1256 2632 ferve-

109 2693 191 2780 'bat;
218 2689 481 2791 alloquebatur
503 2689 629 2777 Afros,
657 2689 756 2790 apud
783 2714 876 2790 quos
896 2689 1078 2792 Cypriani
1096 2691 1257 2767 auctori-

116 2831 170 2901 tas
195 2823 359 2901 maxime
382 2823 549 2912 valebat;
575 2828 611 2900 et
628 2823 859 2900 contrariam
879 2824 1059 2925 Cypriani
1078 2825 1258 2902 doctrinae

115 2959 336 3036 senteutiam
353 2959 529 3036 tuebatur
547 2961 599 3056 (ι).

144 3151 173 3209 {il
191 3151 333 3210 (letarum,
346 3151 377 3200 ut
393 3151 468 3199 rocla
489 3149 614 3198 observat
629 3147 670 3198 lll.
708 3161 840 3197 ·sunnno
862 3149 951 3198 studio
979 3149 1124 3200 nitebatur.
1149 3152 1181 3202 ln
1205 3169 1258 3217 quo

115 3243 145 3292 D.
168 3243 310 3299 Fuurruc,
332 3241 360 3290 in
383 3225 443 3303 i'pso
463 3237 590 3302 opusculi
610 3239 670 3301 ejus
705 3260 717 3280 ν
730 3251 832 3301 genere
843 3236 1048 3299 quoesdoutsmt
1064 3238 1131 3290 mihi
1142 3239 1258 3304 videtur,

116 3333 226 3384 exordio
243 3332 369 3396 quaedam
384 3330 523 3394 leguntur,
546 3327 591 3378 ubi
614 3340 669 3378 non
705 3351 717 3366 u
731 3325 809 3376 nulla
828 3325 940 3376 omnino
952 3325 1086 3390 potuisset
1101 3330 1257 3380 coutrover-

116 3423 239 3480 obseura.
261 3421 342 3471 caute
362 3421 464 3479 muron,
486 3417 520 3468 ael
541 3417 671 3481 Cypriani
707 3438 719 3458 a
732 3416 774 3466 sia
797 3417 845 3466 aut
867 3414 1030 3479 disceptatio
1053 3430 1209 3481 emergere,
1235 3420 1259 3470 si

117 3509 266 3573 dequibus
284 3505 622 3573 agiturepistolas,ctad
640 3521 673 3556 ea
707 3505 924 3568 «unusquisque
958 3507 1082 3555 nostrum
1115 3509 1260 3559 contentus

117 3613 222 3660 queeex
242 3595 313 3662 ipsis
331 3597 471 3654 doeemur,
490 3594 613 3646 alludere
630 3595 669 3644 vi·
706 3593 882 3645 -venerabili
921 3593 1099 3644 ecclesiarum
1137 3598 1259 3648 omnium

116 3689 192 3738 datur
201 3689 309 3738 auctor.
321 3685 372 3736 His
385 3685 458 3734 enim
467 3684 558 3735 verbis
571 3685 668 3734 tracta·
704 3707 716 3724 ··
731 3683 895 3734 auctoritaie
905 3683 931 3732 et
941 3683 1096 3734 necessaria
1105 3683 1259 3736 humilitate

117 3777 216 3828 tionem
229 3790 309 3827 suam
326 3775 427 3825 infert:
442 3796 454 3816 u
476 3773 669 3824 Animadverte
704 3795 715 3810 u
729 3774 800 3822 nibil
812 3774 944 3822 lanceare
956 3772 1081 3836 gestiret,
1094 3785 1155 3822 cum
1168 3773 1259 3825 locum

121 3891 131 3906 κ
146 3869 291 3932 quaesitum
303 3866 376 3931 apud
389 3867 487 3916 iratres
503 3864 568 3927 quid
580 3857 675 3929 potiu'r's'
706 3887 718 3902 ν
736 3863 947 3914 contradictioni
964 3877 1018 3914 uon
1037 3863 1185 3926 quemlibet
1200 3867 1259 3916 ani·

120 3957 284 4009 ”observari
317 3955 426 4019 oportet
460 3955 490 4004 iu
523 3967 669 4018 personam
705 3953 955 4004 «maurenasca...
983 3951 1037 4003 Ubi
1066 3951 1159 4002 nullus
1187 3953 1259 4006 alius

120 4069 131 4088 ··
144 4061 237 4099 eorum
257 4045 305 4109 qui
323 4045 352 4094 in
370 4044 469 4095 haeresi
486 4045 606 4108 quidem,
619 4045 666 4094 sed
703 4066 715 4086 e
729 4044 836 4094 fructus
857 4041 1012 4106 reperiatur
1035 4040 1087 4090 uisi
1109 4041 1153 4091 hic
1173 4042 1258 4104 solus,

121 4159 132 4172 -
144 4138 171 4187 iu
188 4137 298 4188 uomina
314 4135 366 4185 Dei
382 4135 469 4185 nostri
485 4134 552 4184 lesu
566 4133 668 4184 Christi
704 4157 715 4176 a
729 4139 759 4182 nt
777 4147 850 4182 unees
869 4134 958 4192 bomo,
972 4133 1133 4193 pietatemque
1151 4131 1196 4180 e'tle
1210 4140 1258 4193 ast,

121 4225 195 4276 -siut
207 4227 329 4277 tincti...
344 4224 462 4286 Ideoque
475 4225 609 4274 recinentia
621 4239 667 4273 see·
705 4247 717 4265 υ
732 4237 842 4286 maynoe
865 4223 1024 4284 prudentia>
1048 4225 1073 4268 et
1100 4226 1260 4272 constantiae

122 4321 332 4380 -1rcrbacnova
348 4320 495 4379 quoesttonc
506 4319 608 4377 scripta
619 4319 668 4365 ant
704 4336 715 4354 ν
730 4329 786 4364 esse
805 4315 881 4375 apud
898 4313 1031 4374 precedam
1053 4311 1120 4359 leuce
1138 4311 1260 4361 boneincs

120 4429 131 4446 v
144 4411 272 4471 rescripta
291 4421 348 4458 csse
362 4408 549 4468 jactabantur,
574 4407 670 4468 quibus
705 4427 717 4442 «ι
732 4405 810 4453 inani
821 4404 910 4465 pluria
920 4403 1125 4465 procreatae...
1141 4419 1153 4442 n
1167 4398 1209 4460 (Ρ.
1225 4400 1257 4450 L.

123 4507 259 4565 ·atraqeec
270 4516 341 4565 par-s
352 4503 389 4552 ad
401 4503 566 4552 destruenda
582 4502 673 4550 altana
706 4500 725 4550 t.
740 4498 790 4550 llI.
804 4513 830 4562 p.
847 4497 1005 4560 llas-1185).
