3154 5134
481 492 543 542 cnr.
565 495 585 542 r.
609 494 656 543 nn.
683 497 726 543 rr.
750 495 810 543 sec.
834 495 854 542 r.
1180 480 1237 545 505

90 682 292 760 perperam
327 659 585 738 confundendo
620 661 767 742 Oletum
801 686 887 738 eum
923 663 1104 739 hnacleto
1139 669 1239 740 certe

90 791 299 868 admodum
340 792 553 870 incredibile
593 800 661 884 est,
702 799 738 871 et
776 795 886 896 longe
920 797 1150 898 probabilius
1184 802 1240 875 est
1297 781 1302 786 ¹

89 930 267 1003 auctores
285 926 464 1004 carminis
483 928 664 1006 adversus
681 929 913 1005 Marcionem
931 933 968 1005 et
985 929 1158 1030 Oatalogi
1175 931 1238 1007 Li·

89 1059 251 1150 beriani,
274 1087 390 1163 quum
413 1061 452 1138 in
472 1062 746 1164 antiquioribus
766 1061 947 1164 catalogis
966 1088 1082 1139 unum
1100 1089 1146 1139 ex
1163 1063 1237 1165 pri-

90 1197 162 1273 mis
181 1199 432 1276 Pontificibus
451 1200 549 1301 apud
563 1200 657 1276 alios
675 1224 798 1300 graeco
816 1201 964 1278 nomine
977 1202 1237 1291 Anencletum

90 1332 190 1433 apud
213 1333 312 1414 alios
336 1359 425 1410 vero
446 1333 564 1412 latino
591 1334 741 1412 Oletum
763 1335 993 1437 appellatum
1018 1336 1235 1438 reperirent,

88 1495 135 1546 ex
157 1495 234 1548 uno
254 1470 320 1548 illo
333 1471 430 1572 ¹duos
448 1470 579 1546 secisse
597 1470 777 1573 diversos.
799 1461 992 1548 Praeterea
1009 1469 1133 1546 valide
1155 1494 1240 1546 con·

89 1605 269 1682 firmatur
303 1605 369 1682 illa
398 1605 580 1682 sententia
614 1629 660 1680 ex
694 1630 736 1681 eo
770 1604 869 1706 quod
904 1603 1051 1680 sublato
1083 1602 1188 1680 Oleto
1219 1627 1239 1678 e

89 1741 186 1816 serie
205 1741 436 1817 Pontificum
454 1739 563 1816 facile
580 1739 807 1816 concordant
820 1739 917 1815 inter
934 1764 974 1815 se
995 1742 1136 1814 etcum
1154 1736 1238 1814 aliis
1262 1733 1265 1742 ’

91 1877 331 1954 documentis
349 1876 495 1954 numeri
513 1901 698 1954 annorum
719 1876 879 1977 singulis
897 1875 1175 1978 pontificatibus
1193 1899 1239 1950 ex

91 1999 301 2089 collatione
316 2005 573 2112 catalogorum
601 2011 834 2112 assignandi;
862 2010 925 2112 qui
952 2034 1043 2086 vero
1066 2007 1238 2108 Catalogi

94 2145 289 2222 Liberiani
307 2147 569 2223 auctoritatem
583 2146 734 2222 omnino
753 2145 897 2222 salvam
915 2148 952 2222 et
965 2143 1136 2221 omnibus
1154 2143 1239 2218 aliis

93 2282 368 2383 praeferendam
391 2283 536 2371 volunt,
562 2283 830 2386 hypothesibus
848 2281 1011 2359 maxime
1028 2279 1238 2356 arbitrariis

93 2421 129 2492 et
152 2417 276 2520 ipsius
293 2417 396 2494 illius
414 2419 576 2519 catalogi
594 2419 805 2497 testimonio
823 2417 1099 2518 refragantibus
1118 2413 1238 2491 indul-

94 2575 183 2652 gere
200 2558 390 2654 coguntur
406 2555 416 2652 (
433 2558 456 2652 ).

143 2747 183 2833 5.
202 2751 367 2840 Quidam
390 2778 502 2854 porro
521 2779 567 2829 ex
584 2753 698 2856 hujus
718 2752 934 2855 posterioris
952 2753 1143 2830 sententiae
1160 2753 1239 2830 lau-

93 2887 238 2962 toribus
257 2877 667 2966 advertunt'coneiliari
687 2913 795 2990 posse
812 2888 938 2991 aliquo
959 2890 1068 2966 modo
1090 2914 1134 2967 ea
1155 2915 1238 2990 quae

93 3019 131 3094 in
149 3020 268 3098 Libro
292 3021 506 3099 Pontificali
532 3023 577 3098 de
601 3022 707 3100 Oleto
728 3025 766 3098 et
782 3021 962 3130 Anacleto
980 3021 1159 3123 leguntur
1184 3028 1235 3122 (2),

124 3315 152 3378 (ι)
165 3314 221 3366 Cir.
234 3316 309 3366 inira
320 3316 353 3366 N.
366 3319 382 3366 'i
394 3331 453 3381 sqq.
683 3340 695 3362 ι
708 3315 1083 3383 etDomitianiV[ii]‚usque
1095 3318 1130 3368 ad
1140 3318 1235 3368 Domi·

123 3405 156 3469 (sl
178 3405 220 3456 Ea
236 3419 269 3458 ex
288 3406 407 3457 editione
430 3405 585 3458 Bianchinii
604 3406 648 3456 hic
683 3428 695 3449 n
709 3407 814 3457 lienum
828 3405 867 3456 IX
878 3408 906 3457 et
918 3405 1020 3457 Rufum
1034 3406 1162 3457 consules
1174 3407 1236 3472 [83].

95 3495 251 3546 exscribere
264 3495 351 3546 visum
363 3497 413 3547 est.
427 3495 546 3546 Notatur
557 3497 649 3547 autem
684 3517 696 3538 u
710 3495 842 3560 Martyrio
860 3496 1018 3547 coronatur.
1039 3495 1092 3546 Hic
1114 3509 1147 3547 ex
1170 3511 1236 3561 prse-

95 3593 126 3630 ea
142 3597 203 3644 quae
215 3585 388 3642 charactere.
406 3586 437 3635 ut
452 3585 539 3645 aiunt,
556 3584 649 3636 italico
684 3607 697 3627 n
709 3587 789 3649 cepto
804 3585 876 3636 beati
889 3585 965 3635 Petri
977 3584 1053 3635 XXV
1064 3587 1237 3650 presbyteros

95 3668 280 3732 distimimus,
289 3684 344 3722 non
353 3671 445 3736 iegiin
457 3673 546 3737 prima
557 3686 648 3725 recen·
683 3695 695 3716 n
708 3673 845 3725 ordinarit
856 3675 886 3724 in
895 3675 962 3724 urbe
975 3673 1073 3734 Roma,
1087 3688 1181 3726 mense
1193 3677 1237 3728 de-

95 3761 169 3812 sione
181 3761 259 3812 Libri
271 3762 441 3813 pontificalis
454 3777 502 3814 seu
514 3762 646 3828 Gatalogo
681 3786 693 3806 n
706 3763 825 3827 cembri;
836 3762 1237 3827 quistiamsepnltussstjuxta

96 3851 484 3912 seculiV1‚sedtantummodo
495 3853 524 3902 in
536 3854 647 3917 posteri·
683 3877 695 3896 ··
710 3865 809 3917 corpus
819 3853 850 3903 Β.
865 3852 941 3904 Petri
953 3851 982 3902 in
993 3851 1125 3902 Vaticano
1137 3852 1173 3903 Vi
1186 3855 1235 3904 ira-

96 3939 651 4002 oribus.-ltaquedeClstohseetraditdo-
681 3964 692 3984 ··
707 3941 779 3992 lend.
798 3942 887 4004 Melas
903 3947 928 3990 et
944 3944 1055 3991 cessauit
1070 3944 1236 4004 episcopante

96 4017 526 4092 eumeniumnostrumtucletua
537 4032 646 4082 natione
681 4053 693 4074 n
706 4034 762 4082 dies
782 4033 879 4094 cipinti
904 4053 916 4074 n
940 4031 982 4093 (Ρ.
1003 4030 1035 4080 L.
1058 4033 1077 4080 l.
1099 4031 1234 4082 cxxvii.

99 4122 273 4184 -aomanus,
284 4124 438 4189 deregione
447 4123 514 4176 Vico
524 4125 648 4185 Patrieii,
682 4140 710 4190 p.
735 4127 815 4187 1059).
839 4153 871 4161 -
894 4123 935 4175 De
959 4124 1090 4174 Anacieto
1113 4125 1204 4176 autern
1228 4140 1234 4174 :

99 4235 110 4253 a
123 4215 197 4277 patre
206 4214 367 4278 AEmiiieno,
378 4215 542 4266 seditannos
551 4216 650 4266 duode·
685 4238 697 4258 u
710 4211 1236 4273 Anacreon,nationeeroeeus,nentno-

99 4323 110 4340 π
123 4303 185 4366 eim,
198 4317 321 4356 mensem
333 4285 428 4368 unum,
441 4305 500 4357 dies
512 4306 649 4357 undecim.
687 4328 699 4349 a
713 4305 765 4364 nis,
777 4317 811 4356 ex
823 4305 901 4368 patre
912 4303 1059 4362 Antiocho,
1071 4305 1140 4353 sedit
1150 4317 1237 4354 annos

99 4391 186 4444 „lenit
197 4395 290 4444 antem
308 4395 477 4459 temporibus
491 4393 652 4459 Vespasiani
686 4417 698 4438 κ
712 4406 815 4452 nocem,
836 4403 942 4440 menses
961 4392 1038 4452 duos,
1058 4393 1115 4442 dies
1136 4393 1234 4442 decem.

100 4503 111 4522 a
124 4484 149 4533 et
160 4483 224 4545 Titi,
237 4497 254 4534 a
270 4483 414 4535 consulatu
425 4483 589 4549 Vespasiani
599 4483 650 4533 Vll
686 4505 698 4526 n
712 4483 776 4533 Fuit
787 4481 878 4531 aulem
890 4479 1061 4543 temporibus
1077 4479 1235 4540 Domitiani,
