3132 5140
226 490 291 534 crin.
318 489 348 531 n.
372 488 405 532 nn
425 486 459 532 ns
479 487 541 542 ona
562 486 624 531 non
645 483 794 530 cncnsros
814 485 971 531 znnnrmno
992 487 1015 530 s.
1042 487 1067 530 n.
1158 475 1212 532 nn

76 687 143 737 non
161 659 256 736 satis
275 655 471 733 salvabant
489 654 635 756 (quibus
653 653 904 729 accensendus
922 651 1072 730 videtur
1085 659 1216 734 auctor

76 798 208 892 noster]
227 797 280 882 et,
300 815 416 893 quum
439 788 550 866 simul
574 791 701 864 tamen
719 788 850 863 desum
869 786 1065 866 Christum
1082 817 1215 870 verum

77 929 194 1004 Deum
227 925 505 1029 profiterentur,
543 922 676 999 merito
710 923 829 998 ditbci
859 924 987 1000 vocari
1022 931 1212 1028 poterant;

77 1063 234 1140 alterum
258 1085 390 1139 corum
413 1061 476 1162 qui
500 1060 687 1160 negabant
710 1083 840 1136 veram
863 1059 1070 1137 trinitatem
1094 1087 1216 1164 perso-

78 1224 220 1288 narum,
248 1223 313 1274 seu
339 1221 516 1298 personas
538 1195 645 1297 quasi
670 1195 906 1273 modalitates
932 1197 1114 1297 quasdam
1145 1201 1214 1276 Dei

78 1336 191 1436 quoad
207 1333 457 1410 substantiam
481 1335 518 1408 et
541 1329 820 1406 subsistentiam
844 1331 945 1406 unici
971 1356 1050 1407 esse
1077 1357 1214 1409 assere-

78 1471 175 1558 bant,
200 1473 238 1546 et
260 1468 346 1544 inde
369 1469 637 1568 consequenter
658 1464 829 1540 dicebant
854 1489 985 1542 revera
1004 1465 1125 1542 Deum
1144 1468 1228 1552 Pa

80 1614 169 1680 trem
199 1629 353 1707 passum
383 1627 463 1679 esse
486 1602 524 1677 in
548 1625 669 1677 cruce.
709 1599 852 1677 Contra
884 1604 1064 1702 utrosque
1099 1605 1217 1704 igitur

21 1723 26 1737 ⁸
80 1740 320 1843 Zephyrinus
344 1739 433 1816 dum
457 1764 503 1815 ex
520 1761 596 1814 una
614 1742 720 1839 parte
737 1737 951 1815 affirmabat
968 1739 1089 1816 Deum
1107 1741 1216 1818 illum

80 1877 138 1976 qui
162 1902 228 1979 pro
251 1874 373 1952 salute
396 1874 591 1950 bominum
615 1872 726 1950 homo
751 1873 872 1948 factus
895 1872 988 1948 etin
1006 1899 1216 1976 crucepas-

82 2041 139 2090 sus
161 2021 312 2092 estnon
334 2014 452 2091 alium
474 2039 553 2090 esse
577 2037 600 2090 a
624 2013 702 2089 Deo
726 2036 815 2088 vero
837 2016 875 2088 et
896 2013 1006 2090 unico
1029 2015 1093 2115 qui
1112 2040 1216 2091 mun-

81 2148 163 2224 dnm
184 2148 340 2237 creavit,
367 2173 413 2223 ex
436 2147 556 2223 altera
574 2170 663 2222 vcro
682 2171 756 2222 non
776 2147 931 2223 Patrem
948 2171 1101 2248 passum
1119 2175 1213 2238 esse,
1279 2233 1281 2238 ,

81 2287 138 2362 sed
161 2285 315 2374 Filium,
342 2285 455 2362 simul
478 2285 682 2362 secundum
706 2284 931 2362 catholicam
954 2285 1161 2363 doctrinam
1179 2293 1216 2364 et

81 2423 275 2521 perfectam
307 2423 489 2499 unitatem
523 2421 662 2498 divinae
692 2427 838 2498 naturae
868 2427 904 2500 et
937 2423 1214 2502 distinctionem

83 2556 210 2632 realem
239 2581 486 2659 personarum
516 2558 691 2633 tuebatur
717 2587 723 2632 :
745 2556 826 2633 haec
853 2561 979 2635 autem
1001 2559 1110 2635 facile
1132 2584 1215 2635 oon-

81 2689 290 2767 tradictoria
319 2689 545 2766 videbantur
574 2689 629 2765 illi
654 2691 718 2790 qui
743 2689 946 2791 perfectam
976 2694 1215 2771 consubstan-

81 2821 267 2902 tialitatem
283 2848 527 2926 personarum
541 2849 626 2899 oum
641 2825 855 2901 carumdem
871 2826 962 2903 reali
976 2819 1215 2906 distinetione

80 2959 259 3037 conciliari
278 2984 354 3036 non
373 2984 480 3062 posse
496 2959 743 3036 existimaret.
