3132 5140
302 403 361 462 alc
531 417 601 462 mss.
625 415 655 461 v.
678 417 714 462 oe
734 419 875 464 corrues.
898 419 981 464 cruci
1002 419 1083 464 narr.
1105 419 1219 466 unum.

301 581 504 658 affirmant.
529 583 553 658 J
556 605 618 658 am
643 607 733 659 vero
757 583 930 660 doctrina
958 583 1192 686 speculativa
1218 610 1308 686 quae
1334 585 1445 659 osten-

301 716 404 793 ditur
424 717 632 794 necessario
655 717 759 818 sequi
778 717 885 794 exiis
902 743 987 820 quae
1009 741 1033 794 a
1056 717 1135 797 Deo
1158 717 1331 795 revelata
1352 719 1446 802 sunt,
1564 755 1565 800 3

301 850 498 928 manifeste
515 851 677 954 pertinet
693 850 741 928 ad
759 851 957 928 materiam
975 850 1072 927 fidei.

354 1037 392 1121 3.
412 1021 471 1118 Ad
493 1047 758 1144 argumentum
781 1047 909 1119 autem
931 1041 1127 1118 sententiae
1151 1041 1326 1141 negantis
1346 1035 1450 1115 facile

301 1174 559 1275 respondetur,
588 1175 823 1278 Cyprianum
840 1176 1006 1254 voluisse
1030 1181 1075 1253 ut
1099 1177 1225 1278 opinio
1251 1177 1291 1252 in
1320 1175 1391 1252 hac
1413 1196 1450 1246 re

302 1311 492 1412 sequenda
517 1312 676 1413 singulis
706 1313 872 1390 eeclesiis
902 1313 1024 1391 libera
1048 1314 1337 1416 relinqueretur,
1366 1334 1449 1413 quo

303 1443 406 1520 niam
430 1446 587 1546 quaestio
612 1446 680 1524 illa
700 1446 746 1524 dc
769 1447 969 1524 validitate
990 1449 1167 1549 baptismi
1185 1447 1446 1524 haereticorum

304 1577 472 1656 nondum
489 1580 582 1658 satis
600 1580 788 1658 elucidata
810 1581 1024 1670 videbatur,
1048 1582 1108 1658 vel
1132 1581 1266 1660 saltem
1287 1576 1444 1658 auctori-

301 1712 379 1786 tate
396 1711 562 1790 ecelesiae
585 1716 750 1793 nondum
767 1716 905 1806 decisa,
931 1721 968 1794 et
993 1717 1109 1795 donec
1126 1719 1200 1794 ista
1225 1714 1442 1795 auctoritate

301 1844 579 1924 terminaretur.
614 1849 722 1936 Quod
752 1849 877 1952 ipsum
906 1850 1047 1928 indicat
1076 1851 1323 1953 Augustinus,
1356 1846 1439 1922 dum

303 1981 549 2081 pertinaciam
579 1984 760 2088 Cypriani
792 2011 971 2063 excusare
1000 1987 1123 2064 nitens
1147 1990 1214 2086 (1):
1240 2023 1256 2050 a
1278 1987 1353 2062 Nee
1377 2003 1438 2056 nos

308 2150 324 2178 n
345 2114 418 2216 ipsi
452 2117 528 2216 (ait)
564 2119 640 2196 tale
673 2121 815 2223 aliquid
851 2126 888 2220 (2)
919 2122 1141 2198 auderemus
1175 2145 1338 2198 asserere
1371 2113 1436 2192 nisi

309 2284 325 2312 n
347 2248 535 2329 universae
552 2253 719 2330 ccclesiae
736 2254 1029 2332 concordissima
1045 2255 1269 2332 auctoritate
1286 2247 1434 2332 firmam

305 2385 400 2461 n'cui
426 2393 463 2466 et
492 2389 571 2492 ipse
600 2391 681 2468 sine
707 2391 820 2469 dubio
848 2391 1007 2482 cederet,
1031 2393 1062 2468 si
1082 2394 1163 2494 jam
1188 2391 1254 2469 illo
1274 2381 1436 2490 'tempore

305 2523 560 2620 »quaestionis
586 2526 700 2628 hujus
730 2527 870 2604 veritas
901 2527 1066 2628 eliquata
1095 2532 1131 2605 et
1160 2527 1348 2604 declarata
1374 2541 1436 2624 pel'

303 2654 551 2756 »plenarium
581 2661 783 2738 concilium
814 2661 1051 2740 solidaretur.
1086 2661 1127 2739 Si
1157 2662 1257 2737 enim
1288 2661 1434 2736 Petrum
1543 2648 1546 2659 '

302 2786 469 2867 »laudat
497 2795 534 2868 et
564 2795 744 2896 praedicat
777 2797 824 2873 ab
855 2821 929 2873 uno
963 2796 1169 2899 posteriore
1201 2794 1344 2896 collega
1374 2813 1434 2893 pa·
1545 2796 1556 2937 q

301 2957 318 2986 n
338 2923 476 3001 tienter
492 2929 797 3032 concorditerque
820 2934 1044 3019 correctum,
1064 2934 1205 3032 quanto
1229 2930 1339 3006 citius
1361 2927 1436 3029 ipsc

302 3083 426 3136 acum
449 3063 606 3141 concilio
628 3066 832 3168 provinciae
857 3093 936 3144 suae
962 3066 1129 3143 universi
1155 3065 1255 3142 orbis
1280 3058 1433 3142 auctori-

300 3227 316 3255 »
338 3192 407 3268 tati
447 3195 639 3305 patefacta·
672 3203 832 3279 veritate
869 3203 1040 3280 cessisset
1198 3207 1235 3280 et
1282 3201 1433 3278 fortasse

301 3361 317 3390 n
338 3326 480 3406 factum
509 3337 587 3422 est,¹
612 3337 675 3412 sed
706 3337 953 3414 nescimus...
980 3338 1175 3426 Quomodo
1198 3337 1298 3413 enim
1320 3332 1433 3438 potuit

300 3495 316 3525 n
337 3460 411 3538 ista
435 3488 507 3554 res,
539 3469 655 3547 tantis
685 3471 973 3552 altercationum
999 3472 1145 3551 nebulis
1176 3473 1365 3559 involuta,
1389 3467 1431 3546 ad

299 3629 315 3657 a
336 3594 495 3696 plenarii
513 3604 660 3682 concilii
685 3605 915 3685 luculentam
935 3606 1225 3684 illustrationem
1243 3607 1432 3692 confirma-

298 3763 314 3792 π
335 3729 547 3838 tionemque
571 3741 738 3842 perduci,
763 3742 834 3818 nisi
859 3741 980 3844 primo
998 3741 1141 3818 diutius
1159 3765 1226 3842 per
1243 3741 1345 3817 orbis
1362 3743 1431 3816 ter-

298 3896 315 3925 a
337 3887 466 3944 rarum
492 3871 662 3973 regiones
688 3875 818 3954 multis
849 3875 1044 3954 hincinde
1068 3875 1380 3979 disputationibus
1400 3875 1434 3948 et

297 4029 312 4058 π
334 3997 596 4083 collationibus
614 4007 873 4111 episcoporum
886 4012 1114 4112 pertractata
1131 4008 1341 4086 constaret?
1355 4007 1432 4084 Hoc

326 4335 357 4392 (r)
367 4333 407 4385 Dc
415 4333 495 4400 Bapt.
503 4346 601 4390 contro
610 4340 799 4392 Donatistiib.
810 4341 845 4390 ΙΙ.
913 4343 943 4402 (a)
953 4337 1062 4390 Scilicet
1073 4338 1194 4389 validum
1203 4353 1264 4390 esse
1273 4339 1428 4404 baptismum

294 4443 353 4493 cap.
368 4431 391 4482 4.
413 4444 438 4480 n.
460 4433 475 4480 5
491 4431 533 4496 (P.
546 4431 578 4482 L.
592 4433 611 4484 t.
625 4429 728 4483 XLIII.
742 4445 768 4494 p.
784 4431 848 4494 129).
884 4430 918 4480 nb
931 4427 1067 4482 haereticis
1079 4427 1219 4481 collatum.
