3132 5140
343 424 402 484 244
575 433 644 482 mss.
668 434 698 480 v.
720 433 756 480 nr.
777 433 915 481 marnoa
939 433 1018 482 cinon
1040 433 1121 481 narr.
1145 435 1254 484 naam.

342 592 423 668 loro
445 595 482 690 (1)
506 590 754 692 propositum,
778 588 901 666 facilis
922 593 1026 691 patet
1049 589 1254 692 responsio,
1275 595 1358 688 ¹tum
1379 615 1420 668 ex
1435 616 1469 667 eo

343 726 440 829 quod
462 725 558 802 forte
582 723 796 826 Stephanus
819 724 866 800 ab
892 721 1035 824 aliquid
1058 723 1158 800 eirca
1175 707 1273 801 hano
1295 750 1373 802 rem
1389 751 1470 830 prae·

344 861 514 964 ripiendo
544 859 629 937 aliis
660 857 843 962 episeopis
872 858 1055 934 abstinuit
1085 862 1137 957 (2),
1169 863 1251 936 tum
1281 861 1377 962 quod
1405 861 1472 964 ipse

344 1023 430 1076 mox
452 998 532 1075 vita
552 995 751 1072 defunctus
775 999 845 1083 est,
870 993 1015 1095 Xystus
1034 998 1175 1083 autem,
1196 995 1311 1097 hujus
1328 995 1473 1072 nominis
1552 1035 1553 1072 ;

344 1134 542 1222 secundus
563 1131 627 1234 qui
645 1129 678 1207 ei
697 1128 889 1219 successit,
909 1129 1086 1207 saeviente
1103 1131 1359 1233 perseeutione
1376 1131 1409 1209 V
1409 1129 1473 1208 ale
1552 1183 1554 1236 t

336 1269 442 1346 riani
460 1268 540 1345 sive
557 1265 672 1342 aliam
686 1264 732 1340 ob
746 1286 913 1352 oausam,
933 1263 1220 1340 mansuetudine
1238 1265 1474 1367 potiusquam

345 1402 543 1479 severitate
560 1422 646 1476 eum
665 1396 982 1500 rebaptizantibus
999 1397 1186 1498 agendum
1203 1399 1348 1476 censuit
1364 1401 1411 1498 (a).

377 1699 408 1762 (ι)
420 1697 509 1762 Supra
520 1695 554 1748 N.
568 1697 592 1747 2.
932 1692 1050 1757 pressule
1072 1693 1180 1746 ceteros
1200 1707 1297 1746 omues
1320 1706 1368 1759 per
1392 1692 1474 1744 orbem

377 1791 407 1848 (a)
419 1785 474 1838 Cir.
482 1799 566 1850 supra
573 1797 636 1849 pag.
643 1783 701 1834 242.
709 1783 765 1834 not.
772 1780 894 1833 2.-Ce-
928 1782 1109 1832 christianum
1120 1782 1266 1847 episcopos
1282 1795 1389 1848 semper
1407 1778 1476 1844 (posi-

343 1877 443 1937 torum,
456 1878 487 1926 ut
498 1879 526 1926 et
537 1875 590 1926 hoo
608 1875 698 1926 obiter
712 1873 895 1931 advertamus,
930 1871 984 1924 tivo
996 1871 1112 1937 scilieet)
1126 1872 1353 1924 communicasse.

344 1969 447 2020 rectius
458 1965 560 2017 dicitur
571 1978 628 2018 non
639 1965 767 2015 constare
779 1963 837 2014 ullo
849 1963 897 2014 do·
966 1967 995 2027 (s)
1017 1964 1054 2014 Et
1081 1965 1151 2016 rorte
1178 1965 1263 2016 stiam
1286 1965 1359 2016 intra
1380 1965 1475 2014 brevem

343 2058 470 2109 cumento
491 2056 524 2108 de
544 2054 737 2107 communione
759 2053 895 2119 Cypriane
929 2067 1010 2104 suum
1025 2054 1218 2120 pontificatum
1239 2067 1295 2106 non
1315 2054 1367 2105 fuit
1381 2049 1476 2103 oeoaio

343 2155 391 2204 aut
409 2151 571 2202 Firmiliano
590 2151 690 2215 negata
707 2150 742 2200 ab
759 2147 822 2199 aliis
837 2149 894 2212 epi·
928 2148 1015 2213 Xysto
1039 2149 1232 2199 manifestandi
1263 2149 1384 2200 animum
1408 2157 1476 2195 suoru

343 2240 434 2305 scopis
446 2253 528 2302 quam
539 2239 694 2290 affirmatur
705 2251 767 2288 oum
781 2238 897 2299 utroque
931 2237 1007 2287 circa
1019 2251 1079 2288 eam
1093 2251 1160 2288 rem.
