3170 5134
314 449 372 508 llii
551 465 623 510 mss.
648 467 688 511 ιιι.
712 466 748 512 ns
769 468 897 516 sumens
917 466 1219 516 cariosoruournnon.
1308 477 1313 490 ·

314 628 428 706 subiit
456 654 517 706 an.
550 635 636 720 235,
668 632 833 711 schisma
866 659 978 710 suum
1010 633 1158 736 publice
1186 632 1394 709 detestatus
1432 637 1487 709 et

314 788 401 842 suos
422 765 583 843 asseclas
605 766 653 843 ad
674 765 767 845 illud
790 769 1035 848 deserendum
1059 768 1298 846 vehementer
1320 767 1478 845 adhor-

313 905 415 979 tatus
444 908 500 980 est
530 907 579 1002 (ι).
618 905 783 982 Dubium
816 907 935 1008 igitur
969 931 1043 984 non
1072 911 1129 982 est
1158 906 1322 983 schisma
1356 907 1474 984 istud

312 1036 416 1148 brevi
440 1037 642 1117 admodum
667 1042 892 1119 exstinctum
917 1065 998 1118 esse
1020 1045 1058 1118 et
1080 1041 1145 1117 vix
1171 1041 1343 1142 quaedam
1369 1040 1473 1116 reli—

312 1171 436 1274 quisse
465 1171 626 1273 vestigia
651 1175 701 1272 (a).
735 1175 846 1252 Unde
875 1175 1034 1279 denique
1064 1174 1173 1252 facile
1202 1174 1296 1251 illud
1326 1177 1473 1276 postea

310 1309 519 1386 confuderit
535 1308 688 1386 traditio
706 1308 898 1412 popularis
915 1334 1002 1387 cum
1019 1309 1221 1388 schismate
1234 1309 1268 1386 N
1272 1307 1465 1398 oratiam,

309 1442 406 1542 quod
429 1441 648 1522 brevissime
669 1446 753 1544 post
774 1446 846 1540 (an.
867 1447 950 1542 251)
974 1443 1107 1521 Romae
1129 1445 1314 1530 exortum,
1334 1437 1467 1517 multo

309 1577 428 1678 magis
459 1575 708 1680 perniciosum
741 1579 779 1652 et
807 1575 952 1654 celebre
980 1577 1065 1667 luit,
1097 1601 1214 1681 quum
1243 1575 1465 1677 praesertim

309 1712 458 1812 utrique
484 1711 695 1789 communis
717 1712 831 1789 luerit
857 1713 1033 1790 affectata
1053 1714 1120 1792 illa
1141 1714 1321 1791 severitas
1341 1712 1464 1790 disci—

308 1844 421 1948 plinae
442 1846 544 1923 circa
566 1846 800 1948 poenitentes.
911 1901 928 1924 .

358 2031 424 2116 54.
449 2050 490 2115 3⁰
516 2035 738 2139 Explicatur
763 2060 831 2113 cur
856 2038 895 2112 in
923 2041 1098 2136 Ooialopo
1122 2038 1325 2114 Literiano
1353 2036 1462 2139 Hip-

306 2166 457 2271 polytus
494 2169 641 2246 dicatur
678 2173 873 2273 presbyter
910 2173 966 2271 (a),
1007 2172 1169 2275 itemque
1208 2169 1462 2274 probabiliter

305 2305 403 2407 apud
428 2304 695 2398 Prudentium;
720 2307 760 2383 ln
782 2307 1049 2384 recentioribus
1070 2331 1160 2384 vero
1182 2305 1458 2396 monumentis

304 2464 513 2542 episcopus,

355 2629 421 2716 hh.
442 2651 484 2715 4⁰
508 2635 730 2738 Explicatur
751 2661 826 2738 qua
847 2637 992 2714 ratione
1012 2638 1153 2713 lactum
1175 2635 1225 2713 sit
1246 2639 1288 2712 ut
1307 2655 1455 2709 memo-

303 2767 361 2846 ria
382 2773 574 2870 gestorum
596 2771 794 2874 Hippolyti
815 2775 893 2848 tam
915 2771 1019 2848 brevi
1042 2769 1181 2848 amissa
1200 2766 1324 2845 fuerit.
1347 2766 1455 2842 Nam

303 2902 489 2980 Catholici
511 2903 662 3006 quidem
682 2905 935 2984 conversionis
957 2908 1038 3008 ejus
1055 2909 1093 2982 et
1113 2903 1286 3006 martyrii
1307 2924 1452 2977 memo-

333 3197 552 3266 (rtTest.V1.6
568 3199 703 3266 (append.
721 3217 784 3268 pag.
801 3201 853 3272 27).
888 3205 995 3268 turbas,
1018 3219 1135 3269 quarum
1158 3217 1211 3271 ope
1238 3217 1267 3255 se
1289 3197 1451 3258 extolleret,

332 3293 362 3352 (ι)
376 3288 500 3338 Dicimus
515 3289 617 3354 aliqua,
631 3293 661 3342 ut
676 3292 794 3358 videtur,
812 3310 856 3346 ve·
891 3307 973 3357 quam
989 3295 1099 3348 sibimet
1115 3296 1191 3347 circs
1208 3291 1361 3344 doctrinam
1377 3300 1450 3338 con·

301 3377 384 3442 stigia
401 3379 482 3440 hujus
500 3379 658 3432 schismatis
678 3381 775 3434 relicta
797 3398 857 3435 esse
891 3385 1038 3444 sentiendi,
1051 3385 1193 3437 inveniens
1204 3381 1336 3447 quosdam
1347 3379 1451 3432 Romae

301 3464 406 3516 Romae.
416 3465 553 3518 Nimirum
563 3481 596 3517 ex
607 3468 643 3518 ils
655 3483 715 3532 quae
725 3485 775 3536 per
787 3485 856 3538 opus
889 3473 979 3523 adhuc
987 3475 1089 3524 severis
1102 3473 1156 3524 illis
1168 3470 1342 3538 opinionibus
1354 3467 1448 3519 imbu-

300 3551 406 3604 Ptilos.
424 3554 458 3605 de
477 3555 526 3607 illo
546 3557 696 3610 schismate
713 3560 855 3626 docemur,
889 3564 932 3614 tos
954 3577 1023 3626 quas
1051 3564 1080 3615 in
1102 3563 1268 3629 praecedenti
1295 3559 1449 3612 schismate

299 3643 407 3695 videtur
414 3643 547 3709 explicari
555 3659 636 3710 posse
646 3649 717 3699 mira
725 3649 775 3702 illa
783 3653 855 3703 ratio
887 3652 1005 3717 professi
1017 3655 1098 3704 erant
1107 3653 1172 3717 (Cir.
1183 3649 1258 3702 Phil.
1270 3649 1318 3700 ix.
1330 3649 1359 3698 12
1370 3649 1446 3698 extr.

300 3743 399 3808 agenrh
411 3742 854 3820 Novattquipostpuamssartha-
887 3751 1013 3816 Append.
1031 3765 1092 3816 pag.
1113 3744 1171 3814 ia),
1188 3750 1217 3801 et
1235 3747 1299 3800 inde
1316 3745 1448 3796 Romano

298 3835 364 3901 gine
383 3835 503 3886 schisma
522 3837 668 3890 excitasset
688 3845 786 3894 contra
804 3844 855 3909 Gy·
889 3843 1019 3895 Pontifici
1034 3845 1165 3904 infensos,
1182 3841 1260 3893 avide
1277 3841 1345 3890 hsnc
1361 3849 1445 3887 occa·

298 3926 426 3990 priimum
449 3935 562 3991 propter
587 3928 670 3991 hujus
692 3932 855 3994 prudentem
888 3932 995 3984 sionem
1022 3931 1139 3997 arripuit
1167 3929 1313 3981 factionem
1339 3924 1445 3975 consii-

297 4015 471 4067 severitatem
499 4029 565 4082 erga
593 4017 702 4083 lapsos,
737 4020 855 4073 Romam
888 4021 984 4072 tuendi
993 4034 1075 4084 quam
1088 4019 1240 4084 opponeret
1251 4013 1446 4078 Corneliacy-

297 4105 396 4157 deinde
411 4091 574 4168 venisiaci
590 4107 764 4162 ibischisms
779 4124 854 4162 com·
888 4110 977 4175 prisni
999 4111 1109 4172 fautori,
1133 4111 1170 4172 ot,
1187 4121 1262 4160 more
1282 4103 1445 4158 ambitioso-

297 4197 382 4248 movit
396 4196 528 4248 adversus
547 4197 718 4262 Cornelium,
740 4204 813 4266 quod
833 4203 858 4254 is
891 4217 962 4265 rum,
979 4217 1034 4255 non
1054 4206 1096 4254 est
1110 4203 1213 4255 veritus
1229 4211 1329 4266 magno
1349 4195 1446 4248 studio

294 4287 387 4353 lapsos
399 4289 433 4338 sd
450 4289 643 4352 poenitentiam
655 4294 683 4342 et
696 4293 856 4345 reconcilia·
889 4293 1015 4359 profiteri
1026 4293 1164 4360 principis
1177 4291 1290 4344 omnino
1301 4286 1448 4340 contraris

294 4379 397 4430 tionem
408 4379 574 4432 admitteret.
588 4381 763 4435 Ambitiosus
778 4385 856 4435 nimi·
889 4385 924 4436 iis
934 4399 994 4449 quae
1006 4385 1084 4450 prius
1095 4385 1237 4450 protessus
1248 4379 1347 4432 morai.

296 4492 359 4528 rum
370 4479 462 4540 homo,
473 4480 706 4545 msgissollicitus
716 4485 854 4536 excitandi
919 4487 949 4550 (a)
965 4485 1039 4538 'lest
1057 4487 1111 4538 VI.
1129 4487 1297 4552 filllppend.
1310 4499 1374 4552 pag.
1389 4484 1445 4546 22)-
