3208 5150
341 445 378 505 tib
542 456 612 507 mss.
637 463 666 506 u.
690 455 987 510 ornumornum
1010 461 1164 508 cernuum.
1188 459 1287 507 risen.

341 642 502 728 tiorum,
539 665 623 740 quae
657 640 696 716 in
731 640 919 717 codicibus
954 641 1052 718 unde
1086 641 1125 716 hi
1160 664 1244 717 eam
1280 640 1490 716 hauserunt

339 777 577 852 indicabatur
601 777 769 853 narratio
794 803 874 856 esse
898 779 1095 879 cujusdam
1122 777 1307 881 Philippi,
1334 777 1490 890 aliunde

253 1005 259 1012 Ι
340 913 470 1013 Ignoti.
485 912 593 1000 lluae
619 917 704 988 acta
728 912 820 990 adeo
846 913 1066 989 inconcinne
1090 913 1304 1014 conscripta
1330 917 1419 989 sunt
1443 919 1490 987 ut

339 1048 586 1140 rusticitatem
608 1048 731 1149 potius
753 1047 867 1124 seculi
887 1048 982 1124 VIII
998 1047 1056 1124 vel
1078 1047 1133 1124 IX
1153 1072 1266 1158 quam
1288 1048 1489 1150 antiquam

339 1181 443 1258 illam
465 1181 741 1285 simplicitatem
765 1181 903 1258 referre
924 1181 1125 1258 videantur
1146 1183 1196 1278 (ι).
1221 1195 1255 1260 b.
1279 1180 1337 1257 Ea·
1358 1187 1489 1258 autem

338 1342 422 1419 quac
451 1343 498 1394 ex
528 1319 736 1394 Mnmroun
768 1316 943 1394 Sardensi
975 1316 1104 1394 retulit
1135 1317 1320 1393 Eusebius
1351 1321 1404 1416 (a),
1437 1319 1488 1394 ad

231 1491 233 1498 v
336 1451 630 1528 controversiam
652 1449 697 1526 de
718 1475 793 1550 qua
815 1443 882 1524 hic‘
898 1450 1084 1550 agendum
1106 1452 1257 1526 estnon
1280 1451 1488 1552 pertinere,

335 1592 483 1665 constat
507 1586 568 1664 vel
592 1612 638 1663 ex
662 1591 926 1689 temporeque
953 1586 1082 1663 floruit
1107 1585 1253 1674 Melito,
1278 1586 1381 1664 circa
1407 1613 1489 1666 me-

336 1726 439 1802 dium
462 1724 603 1802 scilicet
624 1723 740 1800 seculi
763 1725 813 1800 II.
838 1756 870 1804 c.
894 1725 1023 1826 Neque
1041 1723 1087 1801 ad
1107 1723 1274 1801 eamdem
1292 1727 1491 1827 pertinent

333 1862 400 1934 aut
434 1858 638 1960 quidquam
676 1856 832 1933 subsidii
869 1856 1033 1934 afferunt
1065 1857 1112 1934 ad
1147 1857 1343 1936 solvendas
1378 1887 1489 1962 quae-

333 1993 472 2069 stiones
507 2018 591 2093 quae
625 1992 728 2068 circa
760 2016 843 2067 eam
877 1993 1014 2092 agitari
1049 1991 1186 2081 solent,
1222 2002 1400 2098 excerpta
1435 2026 1491 2077 ex
1528 2069 1530 2078 ,

332 2125 561 2240 Apollinari,
589 2124 779 2204 Clemente
804 2125 1077 2214 Alexandrino
1106 2126 1332 2230 Hippolyto,
1360 2131 1490 2212 Petro

331 2261 585 2338 Alexandrino
607 2265 644 2339 et
666 2260 760 2338 forte
776 2240 867 2336 'aliis
889 2258 1078 2336 nonnullis
1095 2284 1179 2361 quae
1201 2261 1353 2341 exordio
1371 2264 1489 2344 lucu-

307 2415 310 2420 “
332 2399 513 2476 brationis
531 2423 610 2475 suae
628 2397 761 2474 recitat
777 2400 909 2474 auctor
924 2397 1100 2474 Cbrom'ci
1115 2400 1310 2475 Posclralz's
1323 2403 1374 2496 (a).

380 2618 418 2700 3.
448 2622 579 2723 Itaque
609 2620 760 2697 Eusebii
792 2620 831 2694 in
860 2620 963 2696 Hz'st.
992 2625 1091 2696 Eccl.
1121 2622 1331 2699 narrationi
1362 2623 1488 2704 docu-

329 2727 537 2835 mentorum
572 2757 722 2833 nomine
759 2756 995 2858 adjungenda
1032 2760 1180 2834 tantum
1218 2758 1396 2837 videntur
1432 2787 1492 2844 ca
1596 2737 1597 2754 ἵ

328 2919 412 2994 quae
436 2893 537 2968 circa
567 2890 748 2967 celebrem
778 2889 886 2966 illum
915 2893 1090 2966 eventum
1119 2891 1238 2967 obiter
1267 2893 1490 2994 attigerunt

327 3033 411 3131 post
434 3027 600 3103 medium
622 3024 790 3102 seculum
813 3025 870 3101 III
891 3026 1113 3102 Andronius
1135 3025 1413 3107 Alexandrinus
1440 3041 1489 3112 et
1596 3031 1597 3048 ¹

327 3163 602 3250 Frnnmmuus;
628 3159 752 3236 seculo
776 3160 830 3235 IV
854 3159 1043 3236 Eusnmos
1064 3160 1103 3235 in
1126 3185 1193 3238 suo
1213 3166 1410 3253 Chronico,
1435 3167 1487 3247 in

327 3298 492 3399 ejusdem
523 3296 693 3373 versione
722 3301 835 3397 atque
861 3295 899 3371 in
926 3295 1020 3372 libro
1046 3302 1102 3371 De
1129 3299 1224 3374 ciris
1254 3301 1487 3382 illustribus

327 3434 602 3522 Ilmuournua
630 3437 668 3510 et
692 3433 731 3508 in
758 3456 869 3533 opere
894 3457 962 3508 suo
987 3431 1168 3508 adversus
1194 3431 1356 3510 ltaereses
1381 3435 1483 3516 Err-

325 3593 491 3645 rnnmus
522 3566 838 3655 Constantiensis;
866 3591 910 3642 ao
936 3565 1094 3668 denique
1122 3567 1236 3668 paulo
1267 3568 1386 3668 fusius
1415 3598 1484 3650 se-

345 3927 385 3984 li)
408 3923 503 3975 Solum
531 3937 626 3975 eorum
655 3923 819 3987 prooemium
848 3923 877 3972 in
911 3921 1024 3984 reliquis
1044 3923 1131 3986 Actis,
1152 3923 1217 3977 inde
1236 3927 1318 3978 ctiam
1339 3937 1484 3995 suspecta

321 4014 480 4079 appendice
499 4014 533 4065 ad
558 4015 629 4064 hanc
651 4012 877 4064 Dissertationem
911 4011 1036 4062 reddilnr
1052 4014 1151 4063 horum
1168 4017 1318 4067 authentia.
1338 4017 1483 4079 Ceterum

321 4111 404 4174 (Test.
419 4111 450 4162 3.
464 4123 526 4174 pag.
536 4105 564 4164 9)
576 4108 788 4159 exscribendum
801 4107 876 4158 duxi.
911 4110 973 4172 post
985 4109 1149 4173 prooemium
1162 4112 1232 4162 nihil
1245 4113 1273 4164 in
1286 4113 1320 4163 iis
1330 4119 1484 4178 reperitur

321 4200 393 4251 Illud
405 4201 497 4250 autem
513 4198 559 4248 diu
575 4199 639 4262 post
654 4197 777 4247 habitam
794 4210 875 4261 spuo·
910 4196 944 4246 ad
962 4196 1103 4248 historlam
1120 4200 1313 4251 controversiae
1327 4205 1481 4266 spectans.

320 4297 385 4348 dum
405 4296 591 4359 conscriptum
610 4307 671 4344 esse
690 4293 793 4343 iudicat
813 4293 878 4343 cito·
944 4293 974 4357 (a)
986 4295 1055 4359 App.
1069 4296 1106 4346 B.
1120 4296 1194 4347 Test.
1209 4298 1312 4363 ἣρως.
1325 4291 1362 4360 ll).

320 4388 377 4436 tum
394 4383 582 4436 testimonium
600 4381 711 4434 Eusebii
731 4367 878 4432 Caesurten·
944 4383 974 4446 (a)
991 4381 1071 4434 Unde
1088 4397 1137 4435 nac
1153 4399 1187 4437 aa
1205 4387 1234 4437 in
1249 4389 1411 4451 Appendico
1431 4399 1480 4448 ci.

248 4453 250 4458 Ι
319 4473 874 4540 si23quumqueintimecounectaturcum
908 4471 992 4522 tanda
1004 4485 1063 4523 esse
1076 4475 1180 4524 censui.
