3208 5150
618 469 786 516 rumsuruu.
1254 471 1271 528 5

124 620 326 708 Panason,
347 619 535 708 Gaorms
558 619 760 716 Usssnrus,
786 624 1057 718 Bnonnsnnua
1078 629 1270 714 Patricius

123 755 282 842 tumus,
306 753 446 856 Joseph
470 753 675 845 Seruiana,
700 757 811 834 Joan.
840 759 1025 851 Pnrrrus,
1060 763 1267 859 Bsesmus,

123 889 261 965 Thom.
288 888 467 976 Irrrcrus,
490 888 655 966 loannes
681 889 888 981 Gemmeus,
914 893 1017 970 Sam.
1036 896 1267 992 Bssmorus,

122 1028 172 1104 Is.
196 1027 386 1103 Nswron.
409 1023 555 1112 Quibus
576 1025 662 1102 addi
686 1032 839 1128 possent
863 1052 936 1105 non
958 1030 1068 1131 pauci
1091 1038 1269 1116 recentio-

123 1185 201 1248 res,
239 1157 433 1261 speciatim
467 1159 679 1238 Wrasnnsn
714 1164 770 1260 (r),
808 1162 967 1241 Brauon
1001 1169 1059 1264 (a),
1098 1168 1271 1252 Oasuuu-

122 1320 192 1373 snu
213 1299 266 1396 (a),
287 1296 482 1374 ansulas
501 1300 552 1394 (r).

173 1471 213 1553 3.
238 1473 444 1552 Catholicis
468 1499 558 1552 vero
582 1475 743 1554 liberum
761 1502 835 1554 non
853 1485 922 1568 est,
942 1480 1111 1561 absolute
1133 1509 1271 1590 negare

124 1607 342 1686 Romanum
361 1609 467 1685 Petri
485 1609 759 1712 pontificatum,
780 1617 909 1715 utpote
930 1614 1072 1694 factum
1090 1619 1272 1722 dogmati-

122 1769 224 1833 cum,
257 1745 355 1846 quod
390 1744 532 1822 scilicet
561 1746 599 1821 in
630 1747 860 1850 professione
890 1751 975 1828 fidei
1006 1755 1271 1838 ecclesiasticae

122 1905 272 1983 semper
295 1881 424 1958 intime
446 1904 656 1958 connexum
681 1883 868 1983 reperitur
893 1908 980 1962 cum
1001 1887 1172 1968 doctrina
1195 1895 1271 1994 pri-

122 2021 251 2092 matus
270 2014 434 2092 Romani
457 2015 654 2092 Pontificis
677 2016 716 2091 in
730 2016 926 2094 ecclesiam
946 2020 1176 2101 universam.
1198 2026 1269 2104 Sed

119 2149 214 2225 etin
234 2149 399 2227 scientiae
416 2150 546 2227 ordine
564 2150 663 2226 idem
684 2151 827 2228 factum
845 2154 1056 2232 necessario
1077 2157 1268 2236 affirman-

119 2283 211 2359 dum
243 2288 300 2360 est
329 2279 500 2360 omnibus
530 2285 576 2360 iis
606 2286 670 2387 qui
705 2310 751 2361 ex
786 2285 962 2363 revelatis
996 2287 1161 2367 sontibus
1192 2320 1272 2396 per-

120 2424 327 2522 spexerunt
350 2420 554 2522 primatum
580 2422 619 2498 in
644 2421 839 2500 ecclesiam
872 2448 895 2500 a
926 2423 1078 2503 Christo
1109 2429 1269 2509 Domino

118 2557 302 2635 collatum
332 2581 412 2634 esse
437 2558 552 2635 Petro
587 2563 628 2635 ut
661 2564 840 2663 perpetuo
866 2569 1124 2662 perseveraret
1156 2566 1195 2642 in
1225 2591 1270 2644 ca

118 2699 317 2795 tamquam
334 2693 568 2795 praecipuum
586 2695 742 2773 unitatis
759 2695 957 2772 vinculum
979 2726 986 2772 :
1008 2698 1143 2800 quibus
1161 2702 1269 2779 nimi·

120 2853 205 2906 mm
227 2828 483 2926 confitendum
513 2835 569 2907 est
596 2829 656 2908 vel
686 2831 891 2934 primatum
927 2832 1152 2933 jamdudum
1179 2835 1271 2914 intc-

55 3054 56 3058 Ν
119 2967 244 3055 nisse,
260 2965 359 3066 quod
377 2964 505 3067 utique
518 2989 604 3042 cum
622 2964 811 3043 infallibili
826 2966 993 3043 efficacia
1010 2969 1269 3070 promissionis

120 3101 267 3179 Ohristi
281 3104 453 3199 constare
466 3125 540 3176 non
553 3104 687 3201 potest,
702 3099 763 3176 vel
779 3098 888 3192 illum
903 3099 1065 3176 residere
1078 3101 1178 3202 apud
1193 3101 1270 3181 Ro·

118 3259 252 3312 manos
272 3233 488 3323 Pontifices
516 3258 590 3310 non
609 3232 684 3311 alio
707 3259 796 3311 sanc
814 3233 926 3311 titulo
951 3257 1064 3335 quam
1084 3258 1270 3313 successo-

119 3395 202 3447 rum
218 3368 342 3446 Petri.
359 3413 406 3424 -
420 3368 723 3444 Examinandum
742 3369 870 3472 itaque
883 3371 1054 3470 superest
1070 3372 1269 3470 quatenus,

119 3505 149 3581 si
166 3501 449 3608 praescindatur
461 3527 485 3579 a
497 3501 667 3579 doctrina
681 3502 766 3578 fidei
784 3507 822 3579 et
838 3501 1140 3580 conclusionibus
1153 3502 1270 3579 seien-

117 3641 181 3716 tiae
206 3637 446 3739 theologicae,
476 3661 522 3714 ex
551 3637 640 3714 solis
663 3637 889 3715 testimoniis
914 3637 1103 3715 historicis
1127 3642 1272 3715 certum

119 3779 323 3878 appareat,
348 3774 505 3850 Petrum
528 3775 692 3890 Romam
714 3775 861 3852 venisse
882 3775 1008 3876 ibique
1030 3775 1271 3877 pontificatus

120 3937 277 3989 munere
309 3909 547 4029 perfunctum
573 3936 654 3988 esse
677 3912 724 3989 orl
749 3913 892 3990 obitum
915 3936 1045 4013 usque.
1076 3911 1272 3988 Praeterea

150 4209 180 4272 u)
192 4209 235 4260 nd
249 4205 360 4258 calcem
371 4205 414 4257 sui
426 4207 517 4271 operis
531 4205 680 4258 ChronoIo-
716 4207 852 4268 Krialon,
865 4221 909 4258 un.
925 4208 995 4258 1836.
1010 4221 1037 4271 p.
1054 4207 1127 4257 1061.Δ

118 4302 160 4360 ute
170 4301 218 4350 des
234 4297 437 4361 apostatantur
453 4295 604 4348 Zeitalters.
619 4297 683 4348 th-
752 4305 781 4360 (a)
793 4297 862 4348 lbid.
877 4310 921 4346 an.
939 4295 1008 4347 1838.
1023 4309 1049 4358 p.
1063 4295 1119 4344 elo.

121 4388 305 4454 tingen1848.
749 4389 780 4450 (r)
798 4385 898 4437 Laura
920 4387 969 4434 cler
987 4383 1196 4442 Ktrchenyesch.
1220 4385 1238 4432 t.
1259 4381 1270 4430 l

151 4477 223 4539 talin
235 4473 388 4528 Periotlico
401 4472 490 4524 l'hcol.
502 4474 613 4526 Studien
627 4478 683 4524 rum
718 4475 778 4531 (Ed.
794 4475 839 4525 lV.
855 4474 935 4524 Bonn
951 4475 1021 4527 1844)
1034 4483 1059 4532 p.
1076 4469 1190 4519 llll-103.
