3154 5134
493 485 556 533 err.
577 488 598 533 r.
622 489 670 533 nn.
694 487 738 534 rr.
761 487 821 533 sec.
846 489 866 534 r.
1195 471 1254 532 509

102 644 231 720 Porro
249 666 327 718 non
351 640 570 730 Domitiani,
596 641 660 717 sed
679 641 841 720 Neronis
864 639 993 727 fuisse,
1022 639 1080 715 his
1107 639 1254 720 indiciis

102 776 236 878 colligi
258 800 368 878 posse
389 776 604 854 existimant
624 807 631 852 :
652 811 690 859 o.
710 777 884 856 Clemens
902 775 1078 877 martyrii
1096 777 1201 853 Petri
1219 781 1256 856 et

103 913 222 991 Pauli
246 914 473 990 mentionem
497 914 667 992 facturus
691 940 773 1017 cap.
794 919 818 991 5
840 905 923 992 ait}
948 949 963 978 a
985 913 1190 989 Veniamus
1208 912 1255 990 ad

97 1049 307 1144 promimus
324 1047 486 1124 athletas
500 1051 536 1146 (ι)
555 1085 571 1114 n
588 1065 623 1130 c.
639 1049 732 1152 Cap.
753 1055 790 1138 6,
805 1048 1014 1150 persecutio
1029 1071 1147 1149 nuper
1160 1072 1254 1149 prae-

102 1180 276 1283 terlapsa
305 1181 397 1258 adeo
427 1187 595 1274 cruenta,
621 1189 659 1262 et
682 1183 883 1262 multitudo
914 1186 1125 1284 martyrum
1150 1185 1257 1259 tanta

103 1325 346 1414 describitur,
371 1330 414 1404 ut
436 1329 610 1419 Neronis,
639 1355 714 1406 non
740 1327 948 1407 Domitiani
970 1331 1139 1428 tempora
1161 1327 1254 1403 indi-

105 1462 187 1539 cari
206 1462 421 1540 videantur.
446 1497 478 1546 c.
501 1464 619 1568 Capp.
644 1469 669 1542 5
689 1471 728 1542 et
752 1473 788 1553 6,
816 1463 944 1541 nullus
969 1467 1026 1540 tot
1051 1463 1257 1541 illustrium

106 1603 338 1701 martyrum,
359 1602 422 1703 qui
445 1604 514 1679 sub
533 1603 749 1680 Domitiano
768 1601 869 1704 passi
888 1605 988 1689 sunt,
1009 1601 1225 1678 nominatur
1246 1632 1253 1677 ε

106 1758 184 1811 non
203 1734 362 1812 Flavius
382 1736 568 1826 Clemens,
584 1762 658 1813 non
676 1738 822 1814 Acilius
842 1736 1010 1824 Glabrio,
1032 1760 1105 1812 non
1123 1736 1258 1814 Flavia

111 1869 325 1960 Domitilla,
352 1896 425 1948 non
441 1873 606 1950 ioannes
631 1871 892 1973 Evangelista;
917 1895 1076 1972 quorum
1094 1869 1258 1971 aliquem

107 2004 247 2082 saltem
264 2011 509 2084 memorasset
527 2008 566 2085 S.
584 2005 714 2097 Pater,
734 2007 766 2083 si
784 2009 868 2108 post
887 2005 1162 2082 Domitianeam
1175 2030 1256 2106 per-

106 2141 341 2218 secutionem
360 2144 581 2246 scripsisset.
602 2159 641 2224 d.
660 2141 892 2222 Sententiam
911 2165 1019 2216 suom
1036 2140 1260 2218 confirmant

107 2300 226 2352 exeo
253 2279 351 2378 quod
379 2278 552 2357 Clemens
578 2303 684 2380 capp.
712 2283 760 2356 40
787 2280 825 2353 et
848 2282 891 2352 41
917 2273 1144 2350 mentionem
1169 2273 1260 2351 facit

107 2408 236 2484 cultus
266 2410 416 2488 Judaici
447 2416 490 2488 ut
518 2413 557 2488 in
591 2412 730 2514 templo
761 2410 1106 2512 Hierosolymitano
1136 2410 1259 2488 arlhuc

106 2542 277 2644 vigentis
307 2547 357 2643 (a).
395 2546 511 2648 Atqui
544 2547 727 2650 templum
761 2547 861 2625 istud
895 2570 995 2624 anno
1030 2552 1078 2623 70
1107 2547 1257 2626 omnino

108 2703 287 2756 eversum
308 2685 390 2758 erat
411 2686 448 2758 et
471 2683 556 2759 inde
577 2686 790 2760 cessaverat
807 2682 958 2759 omnino
982 2681 1106 2759 cultus
1127 2683 1149 2760 J
1153 2682 1257 2762 udai-

108 2840 175 2891 cus
195 2812 483 2916 Hierosolymis.

164 2983 220 3065 ll·
252 2985 401 3062 Horum
431 2991 556 3076 autern
586 2991 895 3088 argumentorum
928 2987 1004 3063 tria
1033 2987 1161 3089 priora
1194 2991 1260 3066 vix

110 3123 229 3200 ullius
259 3125 437 3201 momenti
468 3150 548 3201 esse
572 3124 682 3202 facile
711 3126 1000 3202 demonstratur.
1036 3127 1135 3202 Nam
1160 3133 1260 3206 certe

111 3295 149 3340 a.
169 3259 344 3338 Clemens
362 3262 485 3363 potuit
501 3265 667 3339 extremo
687 3261 811 3338 seculo
830 3261 861 3349 I,
881 3265 919 3337 ct
935 3265 1132 3362 postquam
1150 3262 1257 3350 Abel,

111 3400 247 3486 Jacob,
266 3399 420 3501 Joseph,
441 3399 599 3501 Moysen
623 3404 659 3477 et
683 3399 805 3476 David
832 3403 1087 3488 memorasset,
1106 3400 1161 3477 ita
1178 3426 1259 3503 per-

113 3561 203 3637 gere
224 3565 231 3610 :
257 3571 272 3600 a
294 3533 365 3612 Sed
385 3538 427 3610 ut
442 3533 571 3610 ve'tera
588 3532 758 3635 exempla
776 3533 1046 3635 relinquamus,
1065 3535 1261 3614 veniamus

116 3709 132 3736 n
154 3672 204 3748 ad
222 3670 412 3772 proximos
430 3666 605 3756 athletas,
621 3673 658 3779 et
675 3669 790 3745 seculi
809 3668 926 3745 nostri
945 3693 1124 3769 generosa
1141 3695 1262 3748 exem-

117 3804 221 3907 npla
244 3827 513 3906 proponamus;
542 3840 557 3868 π
585 3808 622 3880 et
644 3803 775 3880 deinde
800 3817 833 3882 o.
857 3807 941 3904 post
964 3808 1188 3882 memoratos
1206 3807 1259 3883 di-

116 3940 251 4018 stincte
275 3941 432 4017 Petrum
454 3943 491 4015 et
514 3938 692 4027 Paulum,
714 3963 841 4016 omnes
864 3937 958 4014 alios
984 3943 1170 4038 martyres
1197 3943 1260 4044 qui

148 4141 178 4207 (r)
190 4139 260 4190 ibid.
274 4153 301 4203 p.
314 4139 371 4188 218.
707 4160 719 4180 w
733 4150 821 4200 neque
831 4136 887 4186 illic
897 4136 1028 4198 innueris
1038 4135 1098 4186 loco
1108 4137 1139 4188 nt
1149 4139 1260 4203 oblatio,
1293 4147 1296 4152 '

148 4234 178 4290 (et
192 4227 352 4280 Praesertim
365 4239 425 4291 cep.
443 4229 473 4277 ll
488 4243 494 4278 :
510 4249 522 4270 u
535 4227 598 4278 Non
614 4227 673 4278 ubi·
709 4251 720 4270 „
734 4227 782 4278 sed
798 4228 862 4278 unte
877 4225 1010 4291 templum
1026 4226 1061 4276 ad
1077 4226 1173 4292 altare,
1186 4232 1262 4294 prius

119 4341 130 4360 n
142 4332 206 4382 que,
231 4318 340 4376 iratres,
360 4315 514 4366 offeruntur
534 4316 672 4366 sacrificia
707 4338 718 4354 ν
733 4317 831 4366 lactea
849 4328 957 4366 summo
972 4316 1114 4366 secerdote
1126 4319 1152 4368 et
1164 4322 1262 4383 praedi-

120 4409 221 4474 ·jugia
238 4407 279 4457 vei
295 4405 384 4456 votiva
398 4405 439 4455 vel
457 4421 506 4470 pro
522 4409 634 4471 peccato
647 4409 675 4458 et
710 4430 721 4450 ιε
735 4407 786 4458 ctis
799 4407 932 4457 ministris
944 4406 1028 4456 oblati
1044 4407 1214 4470 inspectione
1231 4427 1263 4463 ac

120 4499 256 4556 adelicto,
270 4497 318 4548 scd
336 4496 536 4562 Hierosolymis
551 4500 673 4558 tantum
710 4521 722 4538 κ
737 4499 898 4564 probatione
911 4520 922 4536 ν
933 4497 1012 4561 gibid.
1026 4512 1053 4562 p.
1066 4499 1132 4562 290).
