3208 5150
330 424 368 482 lo
636 437 707 483 mss.
730 439 750 482 1.
773 438 810 483 00
830 438 898 485 nou.
921 439 946 484 s.
972 438 1052 484 0000
1074 437 1161 484 uerso.

331 602 441 680 Unde
464 597 659 681 manifeste
675 604 971 682 concludendum
995 609 1052 681 est
1074 604 1197 682 verbis
1219 605 1324 706 prius
1349 605 1483 683 citatis

330 742 662 815 commemoratum
680 763 760 816 esse
777 739 939 817 alterum
953 738 1058 816 Petri
1072 739 1237 818 Romam
1254 739 1478 817 adventum.

282 899 284 902 Ι
385 927 444 1011 la
460 932 520 1009 Ad
532 933 624 1033 Arg.
646 931 713 1009 IV.
735 931 786 1010 R.
807 931 888 1010 Imo
901 931 983 1008 ideo
1001 955 1221 1031 cogeremur
1238 930 1377 1033 duplex
1395 956 1479 1007 oer—

330 1069 456 1142 tamen
480 1066 585 1143 Petri
607 1091 693 1143 cum
719 1066 870 1181 Simone
891 1065 931 1143 in
954 1066 1047 1143 urbe
1069 1065 1279 1153 admittere,
1305 1065 1394 1167 quia
1410 1091 1479 1141 ve·
1590 1121 1591 1188 3

330 1202 427 1274 teres
460 1198 505 1274 do
541 1198 682 1301 duplici
715 1199 786 1276 hoc
821 1198 1024 1276 certamine
1058 1197 1173 1275 loouti
1209 1197 1294 1274 sint.
1335 1197 1399 1274 Sic
1429 1198 1480 1274 de

329 1332 532 1409 certamine
550 1335 617 1410 sub
636 1333 796 1411 Claudio
814 1333 950 1412 diserte
967 1337 1127 1412 testatur
1145 1333 1334 1410 Eusneius
1352 1337 1405 1409 H.
1422 1337 1475 1410 E.
1590 1421 1591 1426 Ν

333 1465 383 1542 ll.
409 1472 471 1554 14;
496 1466 542 1543 de
564 1467 766 1544 certamine
790 1468 858 1543 sub
884 1468 1033 1544 Nerone
1057 1468 1260 1546 Sunrrrius
1279 1465 1477 1555 Saunium,

331 1601 576 1677 Aucusrmus
599 1606 636 1679 et
656 1599 734 1677 alii.
757 1646 804 1655 -
821 1599 867 1676 ln
883 1599 1025 1702 duplici
1047 1605 1173 1677 autem
1191 1599 1324 1676 itinere
1340 1598 1480 1675 admit
1590 1597 1591 1612 ²

331 1734 442 1812 tendo
476 1734 623 1813 nullum
656 1740 813 1839 apparet
848 1735 1139 1825 incommodum,
1175 1739 1218 1812 ut
1255 1733 1382 1812 statim
1418 1733 1477 1810 di·
1590 1807 1591 1842 :

334 1891 473 1945 cemus,
539 1913 543 1920 ·

704 2081 989 2140 Alamannus
1021 2081 1091 2138 111.

330 2334 374 2382 DE
397 2335 611 2384 ARGUMENTIS
639 2335 769 2384 TERTIAE
795 2335 1002 2396 SENTENTIAE,
1029 2337 1103 2394 QUAE
1126 2337 1262 2384 PETRUM
1288 2333 1477 2392 QUINDECIM
1590 2333 1591 2336 ’

443 2443 595 2492 CIRCITER
609 2443 715 2490 Annos
730 2442 893 2490 Romanum
909 2441 1018 2490 SEDEM
1034 2441 1192 2490 TENUISSE
1207 2440 1357 2490 srsrulr.

381 2675 440 2758 13.
464 2679 547 2755 Hoc
577 2703 695 2755 unum
720 2681 985 2778 argumentum
1015 2679 1146 2754 eontra
1169 2676 1364 2777 antiquam
1393 2681 1475 2754 tra·
1590 2687 1591 2696 ’

328 2811 508 2889 ditionem
537 2813 679 2915 profert
704 2813 1017 2901 Parnenocmus
1043 2813 1141 2914 quod
1168 2813 1310 2892 scilicet
1330 2815 1474 2892 mirum

328 2945 478 3025 videtur
515 2947 674 3025 Petrum
711 2951 794 3048 post
833 2946 1074 3024 constitutam
1110 2973 1218 3025 suam
1252 2947 1473 3026 cathedram
1590 2953 1591 3044 Ξ

329 3081 463 3160 Romae
485 3107 584 3161 0000
605 3081 765 3159 0000010
790 3079 954 3169 Claudii,
974 3105 1072 3158 anno
1090 3081 1257 3183 sequenti
1277 3106 1473 3159 reversum

327 3240 407 3293 0000
425 3215 707 3319 Hierosolymas
727 3214 791 3291 ubi
808 3215 855 3291 ab
878 3213 1027 3290 Herode
1044 3213 1084 3289 in
1103 3212 1255 3291 vincula
1277 3214 1471 3315 conjectus

326 3353 395 3440 est,
423 3375 466 3428 ac
489 3350 620 3428 deinde
643 3351 780 3429 iterum
806 3349 996 3451 septennio
1021 3348 1169 3426 circiter
1197 3352 1293 3451 post,
1319 3350 1470 3451 quando
1590 3423 1591 3426 ,

327 3485 497 3562 interluit
527 3485 694 3564 Concilio
724 3485 1082 3588 Hierosolymitano.
1117 3532 1164 3541 -
1195 3486 1268 3564 Sed
1296 3486 1343 3562 ad
1374 3485 1469 3564 illud

327 3621 592 3718 argumentum
621 3618 729 3695 facile
758 3619 808 3696 R.
843 3618 1018 3695 Primum
1054 3618 1125 3695 iter
1161 3619 1267 3696 Petri
1304 3619 1468 3698 Romam

327 3773 424 3826 anno
455 3750 615 3827 secundo
646 3750 794 3829 Claudii
819 3777 893 3828 000
916 3776 997 3827 0000
1020 3753 1230 3830 necessario
1256 3753 1467 3855 ponendum

325 3887 413 3961 onte
435 3885 516 3984 ejus
533 3885 790 4002 captivitatem
810 3885 1098 3987 Hierosolymis
1120 3886 1182 3962 sed
1206 3893 1290 3989 post
1306 3911 1404 3976 eam,
1425 3895 1468 3967 ut

325 4046 440 4124 supra
456 4022 632 4101 vidimus.
654 4023 827 4111 -Quod
849 4028 976 4101 autem
998 4024 1169 4103 Concilio
1194 4025 1466 4128 Hierosolymi-

324 4164 412 4238 tano
442 4159 678 4260 1010010110)
709 4159 803 4238 nihil
834 4159 973 4238 mirum
1007 4165 1076 4250 est,
1113 4186 1230 4263 quum
1263 4161 1365 4239 oiroa
1394 4164 1466 4243 hoc

357 4435 387 4500 (ι)
400 4435 458 4487 Act.
479 4447 523 4486 κν.
