3170 5134
495 1055 737 1140 CAPUT
778 1054 869 1136 IV.

160 1315 314 1370 UTRUM
345 1313 708 1370 PHILOSOPHOUMENA
734 1313 945 1370 TRIBUENDA
970 1310 1183 1366 vlossnn'rrrr

575 1428 793 1484 HIPPOLYTO.

505 1870 792 1931 Anrrcunus
825 1870 852 1927 1.

363 2111 563 2160 TESTIMONIA
577 2109 738 2158 VETERUM
754 2109 796 2157 DE
811 2107 1006 2156 HIPPOLYTO.

146 2347 184 2428 l·
205 2348 372 2426 Certum
396 2351 452 2422 est
475 2347 663 2424 cxst'tissc
686 2345 838 2423 ineunte
861 2343 985 2421 seculo
1008 2341 1066 2419 III
1090 2343 1261 2422 ecclcsia-

20 2563 21 2599 p
92 2483 242 2561 sticum
269 2481 492 2583 scriptorem
516 2481 667 2559 nonrine
689 2481 952 2584 Hippolytum,
977 2481 1040 2582 qui
1065 2484 1102 2559 et
1118 2481 1260 2584 episco-

92 2645 168 2722 pus
201 2621 244 2694 et
277 2620 426 2719 martyr
452 2617 568 2694 fuisse
593 2618 769 2695 traditur.
802 2619 853 2694 nt
878 2617 1052 2719 quamvis
1078 2615 1199 2692 multa
1224 2621 1262 2693 et

93 2755 211 2832 varia
230 2753 429 2854 scripserit
446 2758 483 2830 et
495 2757 538 2831 ut
555 2754 769 2856 praecipuus
783 2753 936 2854 quidam
950 2750 1117 2828 ecelesiae
1130 2749 1260 2827 doctor

96 2915 174 2966 non
197 2912 293 2965 raro
311 2887 410 2989 apud
429 2890 565 2966 Patres
583 2891 675 2967 etin
694 2888 874 2968 Conciliis
892 2888 1033 2965 citatus
1052 2886 1114 2976 sit,
1135 2887 1260 2964 admo-

96 3023 191 3099 dum
217 3023 368 3098 incerta
388 3028 496 3101 crant
519 3024 645 3101 omnia
669 3050 753 3128 quae
771 3021 965 3125 hucusque
982 3023 1028 3100 dc
1046 3023 1127 3124 ejus
1146 3022 1260 3100 histo-

97 3158 159 3234 ria
181 3157 419 3234 ferebantur.
448 3158 543 3246 Quae
565 3184 650 3236 cum
674 3159 869 3237 occasione
891 3159 1005 3260 hujus
1022 3158 1260 3236 tractationis

98 3291 217 3395 paulo
255 3289 474 3392 diligentius
509 3293 760 3370 examinanda
793 3293 886 3382 sint,
919 3292 1070 3394 juvabit
1104 3291 1260 3368 collecta

98 3451 180 3530 prae
199 3425 326 3504 oculis
345 3427 482 3505 habere
499 3453 583 3530 quae
601 3423 646 3505 de
663 3453 706 3505 eo
724 3427 824 3530 apud
837 3431 983 3503 veteres
1000 3424 1140 3503 tradita
1158 3451 1260 3528 rope-

99 3562 263 3639 riuntur
292 3564 342 3659 (1).
380 3607 427 3618 —
462 3561 541 3640 Ista
570 3561 786 3641 testimonia
820 3564 946 3638 autem
980 3558 1259 3660 perspicuitatis

99 3695 231 3796 gratia
251 3693 292 3770 in
309 3721 375 3772 sex
392 3696 531 3774 classes
549 3696 822 3774 distribuimus,

9 3953 10 3964 ἶ
153 3859 192 3943 2.
210 3880 245 3944 Ι.
268 3862 401 3940 Prima
419 3847 550 3942 classis
568 3889 613 3942 ea
630 3865 794 3942 eontinet
812 3889 896 3966 quae
920 3864 965 3941 de
984 3863 1190 3966 Hippolyto
1213 3891 1260 3942 cx

9 4077 10 4080 a
102 3997 278 4098 professo
307 4001 459 4098 agentes
490 3998 700 4077 retulerunt
723 4000 924 4100 scriptores
946 3999 1116 4076 historici
1141 3999 1260 4078 Ense-

105 4156 205 4222 erns,
227 4131 509 4224 HrnnonrnrcS,
530 4139 599 4212 etc.

139 4441 170 4502 tr)
181 4435 245 4490 vid.
259 4435 385 4500 append.
399 4437 435 4488 D.
449 4435 629 4505 pag.18sqc.
