3170 5134
371 443 479 510 las·
609 467 680 514 mss.
702 465 743 514 ur.
766 465 802 514 or
822 467 949 517 rumore
970 466 1271 516 rusiosoruouumou.
1399 473 1402 479 ·

370 629 470 706 eirca
499 654 542 708 ca
568 657 652 733 quae
681 633 720 709 in
746 633 901 714 ecclesia
932 635 1108 714 Romana
1136 639 1222 712 aeta
1247 638 1336 712 sunt
1363 657 1385 710 a
1408 631 1494 708 med.

369 786 442 840 see.
464 764 534 842 ΙΙΙ.
556 764 619 843 Sic

419 941 478 1027 27·
507 950 543 1019 l⁰
569 946 654 1022 Non
672 971 791 1049 pauca
809 947 988 1024 habemus
1012 947 1056 1023 de
1080 945 1281 1022 schismate
1304 941 1494 1022 Novatiani

369 1078 408 1155 in
425 1078 591 1181 epistolis
610 1079 649 1158 S.
671 1078 852 1182 Cypriani
876 1080 913 1156 et
936 1079 975 1155 in
997 1079 1144 1181 prolixa
1167 1076 1325 1180 epistola
1343 1072 1495 1154 Cornelii

369 1214 408 1292 S.
429 1213 476 1290 P.
497 1213 545 1291 ad
567 1213 727 1291 Fabium
745 1215 1018 1292 Antiochorum
1037 1217 1086 1313 (ι).
1109 1215 1153 1290 In
1177 1213 1236 1290 his
1254 1217 1379 1291 autem
1395 1207 1497 1286 multi

368 1347 609 1426 nominantur
628 1347 866 1466 Oculessores
885 1348 1160 1450 etpresbyteri,
1180 1345 1307 1423 nullus
1325 1367 1412 1420 vero
1427 1339 1496 1440 epi-

366 1508 499 1584 scopus
523 1483 804 1561 suburbicarius
825 1484 960 1562 autad
983 1481 1127 1560 clerum
1155 1482 1371 1560 Romanum
1393 1471 1496 1578 perti-

365 1640 470 1694 nens.
492 1618 572 1694 lmo
591 1617 788 1695 Cornelius
805 1619 942 1696 diserte
959 1643 1145 1721 exponens
1164 1620 1305 1695 statum
1323 1615 1497 1694 Romanae

365 1751 530 1828 ecclesiae
559 1782 565 1826 :
595 1790 610 1817 a
637 1753 737 1854 Ergo
761 1754 837 1852 (ait)
860 1753 924 1830 ille
946 1752 1132 1854 evangelii
1150 1751 1289 1828 vindex
1311 1747 1497 1850 [Neratia-

366 1889 488 1988 enus]
523 1888 722 1989 ignorabat
754 1914 873 1966 unum
908 1890 1123 1991 episcopum
1152 1911 1232 1965 esse
1261 1889 1430 1988 oportere
1461 1881 1497 1955 in

367 2023 560 2100 »ecclesia
585 2023 781 2102 catholica.
812 2025 856 2124 ln
885 2050 960 2126 qua
988 2029 1115 2102 tamen
1145 2023 1285 2100 sciebat
1310 2015 1495 2123 (quomodo

366 2189 382 2218 κ
403 2155 503 2231 enim
516 2139 611 2234 illud
626 2157 768 2235 nescire
785 2159 991 2260 potuisset),
1006 2160 1243 2262 presbyteros
1257 2156 1406 2258 quidem
1422 2173 1495 2228 esse

364 2331 380 2360 n
402 2321 467 2372 sex
484 2303 521 2375 et
542 2297 810 2402 quadraginta;
831 2303 971 2400 septem
989 2302 1114 2376 autem
1128 2297 1321 2398 'diaconos
1336 2291 1495 2371 totidem-

365 2458 474 2534 ”que
507 2432 770 2524 subdiaconos;
807 2425 1002 2510 acoluthos
1035 2432 1128 2508 duos
1162 2435 1199 2508 et
1232 2427 1492 2531 quadraginta,

363 2603 379 2632 n
401 2568 604 2644 exorcistas
642 2572 679 2644 et
715 2566 871 2644 lectores
909 2593 995 2646 cum
1027 2567 1191 2650 ostiariis
1229 2561 1495 2668 quinquaginta

363 2737 379 2766 a
400 2701 510 2791 du0s;
530 2702 664 2779 viduas
681 2703 839 2806 denique
855 2728 942 2780 cum
959 2703 1118 2780 infirmis
1137 2707 1173 2779 et
1190 2699 1382 2802 egentibus
1400 2695 1493 2798 plus·

362 2873 378 2901 n
400 2861 514 2938 quam
530 2836 633 2914 mille
650 2841 687 2914 et
704 2837 938 2940 quingentas.
961 2838 1106 2926 Quibus
1123 2837 1311 2915 universis
1324 2832 1447 2936 gratia
1462 2831 1494 2904 et

362 3007 378 3036 π
399 2972 609 3072 benignitas
633 2972 702 3048 Dei
720 2973 900 3050 alimenta
926 2973 1150 3076 suppeditat.
1181 2971 1231 3048 Et
1246 2976 1373 3049 tamen
1394 2968 1495 3045 tanta

361 3143 377 3173 a
398 3112 549 3210 tamque
571 3107 779 3184 necessaria
804 3108 844 3183 iu
867 3106 1024 3184 ecclesia
1052 3104 1268 3194 multitudo,
1288 3105 1406 3179 coetus
1436 3095 1494 3174 ille

361 3281 377 3310 n
399 3244 536 3320 divinae
559 3243 802 3346 providentiae
826 3245 942 3346 copiis
967 3242 1165 3346 opulentus
1191 3246 1228 3320 et
1256 3259 1492 3319 numerosus,

361 3413 376 3443 n
398 3401 484 3454 cum
502 3376 683 3453 immenso
697 3400 742 3453 ac
759 3402 850 3479 pene
864 3377 1126 3455 innumerabili
1141 3375 1291 3480 popule,
1307 3375 1353 3452 ab
1370 3371 1495 3472 hujus-

360 3547 376 3577 »
398 3511 497 3589 modi
521 3510 778 3611 desperatione
802 3515 839 3588 et
861 3512 1020 3590 audacia
1045 3512 1153 3620 illum
1176 3511 1362 3587 deterrere
1388 3509 1427 3583 et
1451 3498 1509 3577 ad

184 3637 186 3642 ¹
306 3652 307 3655 ’
360 3682 376 3712 a
398 3644 592 3722 eeclesiam
623 3669 799 3722 revocare
828 3671 902 3723 non
936 3647 1069 3749 potuit.
1105 3683 1121 3712 e
1155 3646 1343 3734 Profect0,
1370 3641 1404 3716 si
1433 3634 1493 3712 illo
1526 3701 1528 3704 .

356 3787 523 3884 tempore
540 3780 647 3880 (med.
669 3779 809 3858 scilicet
826 3805 898 3858 sec.
910 3783 990 3880 ΙΙΙ)
1008 3781 1170 3884 episcopi
1188 3779 1305 3881 aliqui
1324 3777 1493 3854 Romano

356 3916 455 3993 clero
485 3915 651 4016 adjuncti
675 3913 846 4004 fuissent,
873 3915 959 3993 illos
980 3939 1055 3992 nou
1084 3915 1271 3992 omisisset
1301 3903 1493 3988 Cornelius

356 4050 446 4126 dum
464 4048 525 4125 hic
542 4048 757 4126 minutatim
775 4047 942 4150 singulos
960 4049 1108 4127 ordines
1127 4049 1311 4127 Romanae
1333 4035 1493 4122 ecelesiae

356 4187 545 4277 describit,
569 4186 778 4289 praesertim
804 4212 920 4288 quum
946 4188 983 4264 id
1010 4187 1126 4265 faciat
1150 4187 1195 4264 ad
1227 4181 1491 4272 retundendam

388 4461 417 4526 (r)
429 4459 480 4522 Ap.
500 4458 601 4510 Euesa.
615 4455 651 4508 Η.
667 4456 702 4509 Ε.
717 4458 762 4509 VI.
776 4459 808 4508 43
820 4458 861 4524 (P.
876 4459 907 4510 G.
921 4460 939 4509 t.
953 4457 1014 4509 XX.
1029 4472 1054 4522 p.
1068 4459 1135 4523 617).
1224 4451 1226 4456 '
