3154 5134
351 437 410 495 278
729 447 800 492 mss.
823 447 865 491 vr.
888 447 924 491 nn
946 445 1122 491 narrnrrtona
1155 461 1163 472 ι

401 607 436 688 2.
459 611 568 685 Anno
598 611 670 685 358
695 611 952 683 convenerunt
980 605 1133 706 quidam
1158 607 1320 709 episcopi
1349 607 1476 684 Semia-

350 744 446 820 riani
469 745 631 844 Ancyrae
652 743 690 816 in
709 740 873 830 Galatia,
896 740 1020 841 ibique
1037 740 1224 840 synodum
1241 739 1475 823 celebrabunt,

347 879 507 980 praeside
525 876 667 954 Basilio
685 877 856 979 episcopo
874 877 1087 977 Ancyram.
1109 877 1153 952 In
1167 901 1242 978 qua
1258 876 1478 953 Arianorum

348 1012 498 1114 quidem
529 1037 595 1088 seu
630 1016 683 1112 (ut
715 1017 804 1089 tunc
835 1010 1096 1113 appellabatur
1128 1013 1322 1114 praecipua
1354 1011 1478 1086 horum

348 1149 459 1244 secta)
485 1148 753 1222 anomoeorum
783 1145 1012 1247 impietatem
1045 1145 1287 1221 vehementer
1319 1142 1478 1221 detestati

347 1282 434 1355 sunt
460 1282 497 1355 et
522 1279 785 1381 profligarunt,
813 1282 980 1356 attamen
1005 1277 1335 1355 anathematismis
1360 1281 1480 1353 contra
1530 1249 1531 1260 ἵ

273 1403 275 1408 ’
348 1439 409 1489 eos
437 1414 592 1515 prolatis
619 1414 720 1492 hunc
745 1416 962 1517 adjecerunt
990 1415 1208 1492 auctoritati
1237 1414 1392 1493 Concilii
1425 1413 1480 1489 b'i-

347 1550 440 1625 caeni
465 1549 754 1628 adversantem:
780 1587 795 1616 a
822 1551 862 1629 Si
887 1550 970 1653 quis
994 1552 1150 1628 Patrem
1174 1555 1356 1652 potestate
1376 1545 1478 1624 simul
1534 1580 1535 1646 p

348 1686 424 1759 „et
449 1684 659 1761 substantia
680 1685 767 1762 Filii
793 1687 948 1762 Patrem
977 1709 1161 1772 asserens,
1195 1683 1480 1762 consubstantia-
1535 1686 1536 1758 l

346 1846 362 1875 a
383 1810 457 1887 lem
486 1818 670 1908 (decadem)
701 1812 760 1889 vel
798 1813 966 1914 ejusdem
1000 1837 1087 1889 cum
1123 1814 1240 1889 Patre
1274 1809 1479 1890 substantia

341 2027 421 2077 cutus
434 2027 530 2079 ruisset
548 2029 619 2080 viros
631 2013 701 2093 quos
712 2030 840 2080 haeretice
852 2043 895 2080 sa·
932 2053 944 2074 a
959 2031 1062 2090 mento,
1076 2028 1170 2080 saeculi
1180 2031 1343 2095 potestatest
1357 2027 1478 2081 Homines
1538 2003 1539 2034 ³

342 2115 450 2179 piantes
467 2119 598 2180 putasset.
614 2118 667 2170 Sed
683 2118 803 2182 etpauio
815 2133 900 2182 supra
934 2118 1034 2170 *enim
1055 2118 1176 2183 perversi
1196 2132 1229 2170 eo
1249 2134 1337 2183 usque
1357 2128 1475 2183 prorupe·
1539 2112 1540 2144 l

341 2203 455 2268 (DeSyn
477 2209 551 2265 ΜΒ)
564 2209 678 2259 summis
689 2208 753 2260 ilios
763 2207 892 2259 laudibus
927 2230 939 2250 n
954 2207 1017 2258 rant
1027 2209 1059 2258 ut
1072 2221 1137 2258 cum
1149 2209 1201 2259 hoc
1213 2208 1265 2273 ipsi
1279 2207 1426 2273 praedicare
1436 2215 1478 2266 pu·
1540 2217 1541 2228 ³

339 2295 446 2346 extollit
457 2298 484 2347 et
496 2298 635 2362 tamquam
647 2299 711 2350 tidei
724 2300 855 2362 patronos
866 2300 893 2348 et
928 2320 940 2340 e
954 2297 1023 2348 blico
1044 2311 1098 2348 non
1124 2297 1268 2356 auderent,
1289 2295 1476 2361 Imperatorem
1541 2325 1542 2336 ,

338 2390 491 2440 servatores
511 2391 651 2453 praedicat.
672 2390 807 2442 Alludens
823 2389 894 2440 scili·
930 2391 1047 2440 atamen
1060 2373 1190 2441 fallerent
1200 2389 1235 2440 ad
1250 2389 1421 2441 audiendum.
1435 2381 1478 2432 Fc-

339 2478 426 2528 cetad
439 2492 472 2528 ea
483 2481 587 2542 quaeat
599 2481 752 2545 Ancyranis
765 2479 894 2531 Patribus
929 2503 941 2522 n
955 2480 1085 2531 salierunt
1100 2480 1173 2531 enirn
1192 2479 1365 2544 ignorantem
1383 2485 1476 2539 regem·

338 2567 403 2627 (Cir.
415 2567 487 2618 inira
499 2568 658 2632 Num.seq.t
668 2572 765 2620 contra
777 2569 896 2621 Arianos
930 2591 943 2611 a
957 2570 987 2619 ut
999 2569 1156 2620 istiusmodi
1175 2569 1298 2633 perfidiae
1315 2569 1393 2619 tidem
1405 2560 1478 2615 bellis

337 2658 364 2706 et
374 2657 518 2720 speciatim
528 2659 623 2708 contra
633 2657 895 2723 Pseudo-synodum
930 2660 1105 2722 ”occupatus
1127 2661 1288 2723 exponeret,
1307 2660 1335 2708 et
1356 2647 1478 2707 credendi

339 2744 516 2797 sirmiensem
534 2747 559 2797 11
576 2749 638 2798 acta
655 2750 719 2799 sunt
738 2764 744 2798 :
763 2770 776 2790 u
795 2748 818 2799 0
834 2749 891 2798 stu·
927 2771 939 2790 e
954 2749 1070 2798 formant
1089 2747 1215 2798 ecclesiis
1230 2747 1352 2798 nondum
1371 2753 1475 2808 regene-

340 2835 437 2885 ndiosi
461 2836 571 2888 tandem
597 2838 664 2902 (ait)
687 2838 845 2902 apostolicae
867 2839 895 2889 et
930 2843 1032 2888 eratus
1063 2838 1226 2902 imponeret.
1262 2833 1477 2888 contradicentes

339 2946 351 2966 e
365 2925 528 2989 evangelicae
538 2927 669 2978 doctrinae
678 2927 738 2988 viri,
748 2941 817 2990 quos
830 2926 895 2977 fidei
929 2926 1100 2991 »episcopos
1124 2927 1159 2977 ad
1179 2927 1305 2978 exsilium
1326 2921 1475 2991 coegerunt.

337 3039 349 3060 e
363 3014 440 3066 calor
464 3015 495 3067 in
514 3017 599 3068 tantis
619 3018 740 3069 tenebris
762 3017 897 3068 baereticae
931 3039 943 3059 e
957 3015 1113 3081 Coegernnt
1124 3016 1198 3068 enim
1211 3030 1260 3067 nos
1272 3017 1306 3068 ad
1320 3015 1477 3066 voluntatem

338 3105 453 3155 „noetis
481 3107 623 3158 accendit!
653 3107 788 3166 Quantam
817 3121 894 3171 spem
929 3105 1115 3166 *exsulandb
1139 3107 1205 3158 dum
1228 3105 1376 3170 impietatis
1398 3105 1475 3165 impo-

335 3219 347 3238 ν
362 3196 520 3246 revocanda
548 3209 619 3248 verse
653 3199 716 3248 fidei
744 3198 890 3258 attulistis,
926 3219 938 3236 ··
953 3200 1023 3249 nunt
1038 3198 1241 3249 necessitatem.
1260 3197 1313 3250 Sed
1328 3197 1476 3249 exsulemus

335 3309 347 3329 ··
362 3285 520 3337 constanter
531 3288 644 3339 audacis
662 3288 785 3352 perfidiae
804 3289 889 3352 impe·
925 3310 937 3329 a
950 3301 1068 3350 semper,
1086 3288 1238 3338 dummodo
1259 3285 1372 3348 incipiet
1390 3293 1475 3336 rerum

334 3399 346 3419 η
361 3379 418 3429 turn
443 3379 628 3432 retundendo!
652 3381 741 3432 Antea
763 3380 838 3432 enirn
861 3381 889 3430 in
924 3402 936 3420 ν
950 3380 1105 3443 praedicari.
1132 3379 1252 3431 Domino
1274 3380 1347 3430 enirn
1368 3376 1475 3443 gratias,

334 3490 346 3510 w
361 3469 479 3520 obscuro
492 3471 574 3534 atque
586 3472 615 3522 in
627 3471 736 3537 angulis
755 3471 890 3523 Dominus
925 3493 937 3510 κ
951 3471 1023 3534 quod
1042 3472 1243 3536 ignorationem
1260 3487 1310 3536 per
1326 3484 1372 3520 ros
1388 3469 1474 3520 admo-

333 3581 345 3602 e
359 3558 485 3609 Christus
504 3558 625 3610 Deiesse
641 3563 792 3612 secundum
811 3563 889 3612 natu·
919 3584 939 3628 Ἰι»
954 3561 1028 3612 nitus
1049 3561 1204 3625 Imperator
1223 3561 1341 3625 agnovit,
1359 3559 1386 3609 et
1406 3567 1473 3610 erro·

334 3671 346 3690 ··
360 3662 419 3699 ram
437 3649 511 3700 tilius
529 3651 682 3715 negabatur
694 3667 700 3702 :
714 3654 742 3703 et
759 3651 886 3702 essentias
921 3673 933 3692 e
947 3663 1006 3701 rem
1021 3663 1075 3700 non
1095 3665 1185 3701 suum.
1199 3651 1246 3702 sed
1266 3647 1473 3700 adhortandum,

331 3761 343 3780 κ
357 3740 437 3804 inops
450 3741 580 3804 paternae,
588 3741 728 3806 accepisse
737 3755 800 3792 curn
810 3753 888 3792 crea·
924 3764 936 3784 n
950 3755 1001 3805 per
1013 3742 1064 3791 has
1080 3741 1144 3791 fidei
1162 3741 1259 3791 vestrae
1277 3737 1426 3791 sententias
1437 3745 1473 3783 re·

330 3853 342 3870 ··
354 3830 426 3880 turis
443 3830 578 3896 originem
590 3830 623 3882 de
641 3845 694 3882 non
710 3832 885 3883 exstantibus
920 3853 931 3872 n
946 3830 1087 3895 cognorim
1101 3832 1128 3879 et
1145 3843 1175 3878 se
1194 3829 1298 3879 invidia
1308 3827 1378 3892 apud
1393 3823 1473 3875 Deum

328 3918 885 3986 spraedicabatur.rttveronuncpublicaa
920 3921 1029 3982 eatque
1054 3919 1179 3970 homines
1208 3917 1300 3981 impiae
1333 3911 1472 3966 voluntatis

327 4009 524 4062 ”auctoritatis
562 4011 731 4076 professione
768 4012 882 4062 haeresis
918 4010 1054 4072 abramii,
1079 4023 1141 4060 cum
1168 4007 1340 4073 legationem
1362 4007 1472 4058 vestram

327 4122 339 4142 e
352 4114 544 4165 prorumpens,
557 4101 585 4152 id
603 4101 676 4165 quod
692 4103 773 4153 antea
789 4102 883 4152 furtim
918 4079 1097 4152 {honorilice
1117 4101 1236 4156 habens,
1262 4095 1412 4149 salsitatem
1433 4105 1470 4144 eo·

326 4211 338 4228 ··
353 4191 524 4250 mussitabat,
538 4203 610 4241 nunc
624 4205 678 4242 non
694 4190 766 4242 clam
785 4191 883 4242 victrix
918 4214 930 4234 e
944 4202 1006 4242 rum
1029 4202 1148 4254 quorum
1171 4187 1336 4239 auctoritate
1358 4187 1386 4237 in
1407 4181 1469 4235 inri-

327 4277 535 4343 ”gloriabatua
566 4279 671 4339 Quibus
704 4281 775 4332 enirn
805 4283 887 4332 antea
921 4281 1021 4331 odiam
1045 4280 1241 4340 deducebatur,
1258 4275 1469 4330 coactaarobis

323 4389 334 4407 n
348 4366 485 4417 cuniculis
497 4368 525 4418 in
541 4369 707 4420 catholicam
727 4370 880 4421 Ecclesiam
914 4393 926 4414 e
941 4370 1114 4435 ignorantiae
1124 4384 1180 4420 suae
1192 4369 1468 4435 professiono,cognc

324 4479 336 4498 n
350 4469 405 4508 non
427 4457 541 4508 tentavit
560 4449 703 4524 irreperet
725 4459 799 4519 Quas
823 4473 878 4511 non
913 4481 925 4503 a
943 4460 981 4512 vit
994 4483 1006 4505 κ
1025 4459 1069 4527 (Ρ.
1083 4459 1114 4512 L.
1128 4462 1148 4511 t.
1167 4457 1202 4511 X.
1216 4459 1381 4526 p.530-531).

323 4571 335 4592 e
348 4549 479 4612 exseruit,
503 4549 580 4604 falsae
603 4551 749 4618 religionis
776 4551 885 4604 blendi-
