3180 5134
758 473 878 520 sinsin.
901 463 941 516 D.

459 643 485 695 E
503 638 716 694 monumentis
733 636 961 702 ”menologia
977 634 1223 690 oooiosissnoae.

310 787 380 854 55.
404 819 418 842 u
443 793 484 852 In
509 793 723 851 vetustissimis
744 791 879 863 picturis,
905 795 994 848 sento
1022 789 1139 848 Christi
1161 791 1272 845 soeculo
1298 790 1431 844 musivo

262 911 351 968 opere
370 900 545 968 elaboratis,
567 909 636 966 qnos
654 893 761 953 Romae
780 898 907 951 opstant
929 896 965 950 in
983 895 1112 950 basilion
1140 892 1172 950 S.
1194 891 1367 950 Laurentii
1392 894 1432 947 in

261 1010 338 1065 apro
359 993 487 1066 Vnone,
504 1009 542 1051 ae
553 993 712 1051 Ravenna
724 995 759 1046 in
772 993 899 1048 eeclesia
910 987 943 1046 S.
958 989 1157 1060 Apollinaris
1175 991 1266 1058 novi,
1282 986 1430 1058 Hippoly-

264 1092 313 1148 tus
323 1107 393 1148 olm
402 1090 574 1148 Laurentio
587 1091 724 1159 depictus
735 1089 936 1158 oonspieitar.
950 1111 964 1135 n
978 1085 1015 1158 (ι)

294 1220 380 1290 56.
403 1251 418 1276 a
438 1229 627 1302 Huiusmodi
644 1233 747 1284 tamen
764 1228 908 1296 pietnros
930 1229 960 1281 et
981 1228 1132 1282 vetustate
1153 1228 1183 1280 et
1204 1225 1305 1293 pretio
1329 1225 1426 1292 lonpe

262 1337 448 1391 antecellunt
467 1334 566 1390 vitrea
583 1333 726 1402 quanam
744 1335 883 1387 netannn
908 1328 1157 1386 Claristionornm
1171 1331 1296 1398 poeula,
1318 1329 1425 1384 variis

263 1427 448 1488 Sanctorum
466 1430 654 1500 imapinibus
673 1443 751 1484 auro
771 1429 901 1497 depictis
920 1431 1044 1494 ornan,
1068 1441 1203 1496 qnorum
1223 1425 1421 1496 srapnwnto,

263 1543 333 1598 quoe
344 1532 466 1584 (etalem
479 1529 627 1596 tulerunt,
643 1524 810 1596 Hippolyti
822 1525 924 1595 effipia
936 1538 973 1580 oe
985 1525 1111 1578 nornine
1124 1525 1278 1578 ommia...
1296 1519 1424 1577 Horum

256 1628 400 1695 primum
413 1627 447 1679 in
462 1625 633 1680 ooenoeterio
648 1621 807 1676 Priscilla
820 1625 1012 1690 repertum...
1027 1618 1169 1690 Petram,
1183 1617 1331 1686 Paulum,
1345 1615 1423 1674 Sim-

261 1727 337 1792 iam,
357 1722 574 1787 Laurentium,
593 1718 797 1790 Cypriorum,
818 1717 990 1789 Epolyium
1004 1718 1039 1771 in
1053 1718 1155 1772 orbern
1163 1718 1264 1785 pictos
1283 1716 1420 1772 enbzbet.

261 1820 404 1878 Alteram
427 1821 462 1874 in
480 1819 651 1874 coemeterio
667 1814 796 1872 Calliati
809 1817 1020 1882 inventum...,·
1041 1816 1075 1868 in
1088 1816 1155 1882 ejus
1173 1812 1273 1882 fundo
1291 1810 1422 1868 Vincen-

263 1921 336 1988 lias,
347 1917 464 1990 Apnes
476 1916 589 1980 Pelius,
597 1915 749 1984 penicillo
759 1915 899 1982 eapressi
908 1914 1064 1967 emuntur.
1080 1909 1242 1966 Tertiam..
1255 1928 1263 1965 :
1278 1912 1311 1964 in
1323 1911 1421 1977 bairis

256 2018 363 2087 poculi
375 2017 553 2087 nomento
567 2011 730 2085 ippolytus,
751 2010 928 2068 Timotheus
942 2025 1011 2066 enm
1024 2011 1197 2066 beatissimo
1209 2013 1420 2079 apostolorum

255 2115 583 2183 prinoipesopasant.
601 2134 614 2158 n
626 2107 664 2182 (2)

305 2239 375 2305 57.
390 2246 511 2304 Nomen
531 2245 681 2317 Hippolyti
700 2247 831 2302 liabetur
844 2248 940 2302 etiarn
959 2249 994 2300 in
1011 2246 1162 2301 veteribus
1176 2245 1357 2314 quibasdam
1372 2245 1417 2301 in-

260 2349 479 2421 scriptionibus,
490 2366 568 2419 ques
578 2351 676 2421 refert
690 2349 847 2420 Rnppieri
857 2349 893 2420 (s)
908 2393 912 2404 .
926 2381 961 2391 -
973 2347 1061 2405 Idem
1073 2349 1214 2406 eeclesias
1224 2352 1377 2419 eamdam
1386 2357 1417 2407 et

261 2447 442 2504 monasteria
458 2449 608 2518 Hippolyti
622 2451 748 2506 nornine
760 2451 903 2506 dedicata
915 2452 962 2506 oel
971 2449 1037 2520 ejus
1049 2450 1260 2517 reliquiarum
1272 2451 1418 2519 quisdam

255 2548 449 2615 possidentia
460 2551 595 2604 recenset
608 2547 654 2618 (4).

470 2701 521 2753 Ex
536 2701 762 2766 topographus
778 2705 812 2755 st
828 2701 1014 2756 itinerariis
1030 2700 1198 2754 Romanis.

304 2847 373 2914 58.
401 2855 441 2914 In
470 2854 606 2913 Notiiia
634 2854 872 2912 ecelesiarum
901 2853 999 2912 urbis
1027 2869 1133 2910 romae
1154 2853 1199 2924 (5).
1227 2875 1241 2899 u
1268 2851 1413 2912 Postea...

256 2958 412 3027 pervenies
434 2957 471 3014 ad
495 2959 523 3014 S.
548 2957 709 3028 Ypolytum
733 2955 897 3028 martyrem
924 2957 973 3028 qui
1000 2955 1164 3027 requiescit
1187 2956 1242 3013 sub
1263 2956 1357 3022 terre,
1383 2957 1415 3014 et

256 3054 421 3111 Concordia
442 3054 550 3112 mulier
567 3055 632 3126 ejns
651 3055 769 3126 martyr
788 3055 858 3112 ante
877 3055 968 3111 iores.
997 3079 1010 3101 n
1033 3052 1068 3126 (o)

300 3181 369 3248 59.
391 3193 433 3252 In
451 3201 594 3266 opusculo
619 3198 664 3253 Do
687 3195 777 3266 loeis
797 3197 868 3252 scis
894 3195 1093 3266 martyrum
1119 3209 1186 3265 que
1211 3193 1295 3251 sunt
1321 3193 1413 3252 ioris

255 3294 419 3355 civitatis
439 3301 553 3356 Romae
572 3297 619 3374 (τ).
642 3323 655 3346 υ
677 3299 768 3356 Juxta
781 3299 862 3356 riam
882 3299 1068 3357 Tiburtinam
1083 3299 1210 3356 ecclesis
1223 3299 1269 3356 esi
1290 3301 1318 3356 S.
1337 3301 1412 3369 Aga-

255 3393 342 3464 piti...
364 3394 395 3453 ei
413 3411 504 3468 prope
520 3397 643 3455 eandem
662 3397 743 3454 viam
765 3397 892 3454 eeclesia
904 3397 951 3454 osi
964 3399 994 3454 S.
1015 3395 1166 3464 Laurentii
1188 3395 1287 3466 maj0r
1304 3395 1334 3451 in
1352 3409 1413 3465 qua

255 3509 363 3566 eorpus
376 3496 440 3567 ojus
460 3497 589 3569 primum
607 3497 706 3556 morai
724 3496 892 3564 humatum,
913 3498 945 3554 et
958 3497 999 3554 ibi
1012 3495 1136 3554 basilica
1152 3511 1230 3554 nova
1242 3495 1328 3554 mirae
1347 3495 1412 3568 pul-

282 3774 310 3831 (ι)
321 3773 466 3834 Ruborem,
475 3773 666 3824 DePortuenst
676 3773 702 3822 S.
715 3773 812 3831 Hippo·
871 3777 898 3832 (a)
908 3775 937 3822 P.
950 3775 980 3822 G.
994 3777 1012 3823 t.
1024 3776 1056 3824 ii
1070 3788 1095 3834 p.
1109 3779 1161 3822 ⁴59.

251 3855 642 3914 incrementationis.
871 3857 1135 3917 (olorensis-sss.

278 3937 381 3993 (s)1bid.
395 3964 423 3972 -
434 3939 537 3998 Effigies
552 3940 656 3987 illorum
672 3941 812 3987 vitreorum
871 3941 898 3997 (s)
912 3941 1062 3999 Conscripio
1074 3941 1189 3988 Honorio
1202 3941 1227 3987 S.
1240 3942 1269 3986 P.
1282 3952 1327 3988 seu
1343 3941 1410 3987 inter

250 4021 352 4068 exhibet
363 4023 513 4084 Gsunoor,
522 4023 597 4071 Velrt
607 4029 705 4084 ornati,
715 4027 764 4070 lav.
776 4028 810 4071 19.
841 4027 977 4070 nonestis
994 4025 1020 4069 et
1031 4027 1081 4070 osi.
1094 4023 1152 4070 vit.
1166 4035 1201 4070 ns
1219 4025 1310 4080 Rossi,
1323 4021 1409 4069 Romo

249 4101 292 4161 ng.
304 4107 333 4160 'i;
347 4107 397 4150 ies.
414 4107 449 4151 22.
466 4105 508 4163 ng,
520 4109 547 4162 5;
565 4107 617 4152 inv.
632 4109 669 4152 25.
682 4105 724 4164 ng.
743 4109 765 4152 5.
781 4107 813 4153 st
842 4105 1178 4164 saterr·onea‚t.1.p.1‚ss.

252 4187 376 4241 praeterea
387 4188 505 4244 quartum
514 4189 573 4244 (lav.
583 4191 617 4235 li.
627 4188 670 4245 ng.
680 4189 708 4244 ι),
716 4187 759 4234 nbi
769 4187 813 4234 tio-
870 4187 899 4243 ts}
912 4185 951 4232 ils
964 4187 1054 4245 Bessi,
1067 4187 1128 4235 ibid.
1143 4199 1186 4246 pp.
1199 4191 1248 4244 1³9,
1261 4190 1310 4233 178.

247 4268 330 4325 piolus
341 4271 381 4316 est
399 4269 499 4318 cristus
511 4271 609 4320 medius
628 4273 694 4320 inter
706 4271 807 4327 Ippoly·
866 4273 893 4328 (r)
903 4271 1026 4330 Eiusdem
1037 4273 1129 4320 salotis.
1149 4299 1167 4306 -
1177 4271 1236 4319 vid.
1246 4271 1308 4319 ibid.
1322 4283 1346 4330 p.
1357 4273 1403 4316 lii.

251 4353 308 4396 tam
317 4351 350 4397 sd
362 4351 480 4401 doxtrum
493 4355 560 4402 latus
571 4357 596 4402 ot
609 4353 771 4402 Timolbnlm
782 4355 815 4402 ati

248 4431 391 4479 sinistrum.
