3170 5134
364 459 419 522 Ias
596 476 667 522 mss.
689 477 730 521 ιιι.
753 473 789 521 nr
810 474 936 522 ιιιοτοιιιι
957 474 1261 522 rnrmsovnocnmon.

290 725 294 733 ,
359 643 541 747 appellari
567 644 687 721 solent
707 645 1017 722 reverendissimi
1038 648 1075 721 et
1095 645 1362 731 illustrissimi,
1387 641 1503 720 titulo
1575 635 1576 704 ἰ

357 781 593 855 sanctissimi
604 781 686 880 yam
704 777 772 854 soli
797 779 951 857 Summo
976 779 1152 856 Pontifici
1171 785 1375 856 reservato.
1575 779 1576 782 ’

408 953 475 1037 64.
494 957 579 1059 Obj.
607 973 660 1036 11.
682 955 903 1033 Incredibile
921 957 1083 1044 videtur,
1104 957 1136 1032 si
1159 953 1389 1058 Hippolytus
1406 954 1501 1032 luis-

355 1096 410 1169 set
427 1097 559 1171 auctor
575 1095 718 1170 Plrilos.
740 1099 777 1171 et
794 1099 907 1197 caput
928 1093 1094 1170 ecclesiae
1118 1091 1382 1180 schismaticae,
1401 1089 1502 1166 nihil

354 1225 424 1302 hac
442 1227 486 1302 dc
505 1253 544 1304 re
561 1232 918 1306 commemoraturos
945 1227 1059 1303 fuisse
1077 1226 1276 1327 scriptores
1295 1225 1341 1300 iis
1358 1227 1502 1326 tempo-

353 1363 456 1441 ribus
474 1365 677 1466 proximos,
697 1365 907 1469 praesertim
929 1364 1121 1442 occasione
1139 1359 1354 1438 schismatis
1374 1359 1500 1436 Nova-

351 1465 457 1575 tiani.
492 1510 538 1554 -'
571 1501 647 1576 Nec
671 1500 785 1601 juvat
814 1499 948 1576 afferre
978 1499 1059 1598 ejus
1090 1497 1360 1601 poenitentiam.
1395 1495 1498 1571 Nam

353 1669 369 1698 a
411 1658 494 1735 quae
532 1634 745 1712 obtenditur
783 1633 980 1736 Hippolyti
1020 1631 1234 1710 retractatio
1272 1629 1498 1706 memoriam

348 1771 549 1873 praeteritae
567 1771 832 1874 perduellionis
853 1796 929 1848 non
949 1771 1186 1872 abolevisset,
1207 1768 1270 1845 sed
1293 1767 1430 1867 magis,
1452 1771 1498 1843 ut

347 1906 427 1981 fieri
459 1906 565 1994 solet,
589 1910 856 2008 perpetuasset.
885 1908 962 1982 Per
987 1906 1024 1982 id
1046 1905 1147 1982 enim
1170 1902 1347 2006 temporis
1373 1901 1496 1978 conti-

345 2037 459 2137 gisset
493 2039 566 2115 ista
599 2013 792 2115 conversio
834 2038 931 2141 quod
966 2038 1151 2114 sexdecim
1194 2039 1342 2114 tantum
1375 2033 1493 2110 annis

345 2174 380 2249 N
382 2173 548 2250 ovatiani
567 2171 803 2250 rebellionem
821 2172 1022 2274 praecessit.
1041 2173 1164 2260 Quam
1181 2169 1298 2271 igitur
1314 2169 1360 2244 ob
1377 2192 1492 2244 caus-

343 2332 423 2383 sam
441 2311 609 2409 repertus
633 2312 689 2385 est
713 2333 821 2384 nemo
845 2309 910 2409 qui
927 2312 1005 2384 tam
1023 2307 1115 2384 clari
1139 2303 1272 2408 capitis
1297 2327 1493 2380 recessum

341 2463 385 2514 ac
402 2440 564 2517 reditum
588 2442 800 2519 Novatiano
823 2443 1045 2543 objectaret?
1071 2443 1150 2520 Our
1170 2467 1214 2518 ea
1237 2441 1281 2516 de
1302 2465 1343 2516 re
1367 2463 1492 2539 quam

339 2575 533 2674 proximus
551 2601 681 2653 eorum
705 2580 916 2678 temporum
935 2577 1040 2654 siluit
1058 2577 1283 2680 Cyprianus
1303 2575 1367 2678 qui
1385 2575 1492 2653 nihil

338 2710 579 2809 praetermisit
602 2736 675 2813 quo
693 2711 949 2789 schismaticos
962 2712 1012 2792 ad
1028 2710 1193 2788 ecclesiae
1219 2709 1404 2811 gremium
1422 2733 1491 2785 re-

337 2852 501 2938 vocaret,
525 2848 663 2951 quique
688 2855 883 2952 propterca
905 2849 1165 2928 Romanorum
1191 2848 1333 2949 aliquot
1355 2867 1491 2922 sacer-

337 2982 465 3059 dotum
482 2984 763 3060 conversionem
780 2991 858 3061 tam
876 2982 1062 3086 eloquenti
1080 2982 1247 3060 oratione
1264 2975 1491 3082 gratulatus

335 3118 412 3195 estl
435 3118 670 3196 Eventumne
690 3119 782 3196 adeo
803 3118 998 3196 catholicae
1023 3119 1188 3198 ecclesiae
1210 3114 1487 3204 honorificum,

291 3317 294 3324 .
333 3253 426 3332 adeo
443 3261 527 3359 post
551 3255 699 3358 lapsum
725 3255 930 3358 Hippolyto
955 3257 1026 3358 ipsi
1044 3255 1250 3358 gloriosum
1266 3250 1490 3330 christiana

333 3393 538 3495 antiquitas
556 3395 733 3471 universa
751 3395 979 3471 reticuisset?
997 3394 1108 3496 idque
1125 3418 1169 3470 ea
1190 3415 1343 3495 prorsus
1361 3391 1487 3466 aetate

332 3551 496 3626 quaeres
520 3533 644 3629 gestas
670 3514 881 3630 martyrum
903 3533 1010 3607 tanta
1031 3528 1211 3630 religione
1236 3524 1411 3625 colligere
1437 3531 1485 3602 et

330 3661 517 3738 custodire
534 3663 747 3740 consuevit?
768 3700 784 3728 r
807 3666 999 3742 Hactenus
1016 3667 1238 3741 Aanannnu
1257 3666 1310 3760 (1).

327 3939 368 4006 (P.
382 3943 413 3996 L.
427 3947 446 3996 t.
459 3944 493 3996 X.
505 3947 703 4010 pitu-(lit.
718 3949 791 4000 Intra
803 3949 875 4000 DIss.
910 3949 1059 4015 Augustini
1080 3948 1114 4000 ad
1135 3949 1358 4013 Hieronymum:
1378 3965 1392 3988 ι·
1415 3945 1481 4000 Do·
1575 3985 1576 3990 ,

325 4029 373 4083 VI.
387 4033 508 4086 Prooem.
519 4037 617 4086 noted
630 4037 664 4088 N.
677 4037 710 4102 I).
720 4065 753 4075 —
764 4039 822 4090 Nec
834 4052 877 4089 so·
914 4061 925 4082 ι
939 4038 1013 4090 mino
1026 4038 1205 4090 dilectissImo
1218 4040 1245 4088 et
1255 4038 1285 4088 in
1296 4034 1402 4087 Christi
1419 4038 1481 4089 vis-

326 4122 382 4174 lum
405 4124 558 4189 episcopos,
582 4127 630 4178 sed
653 4130 680 4178 at
702 4129 875 4193 presbyteros
910 4151 922 4172 ι
936 4128 1047 4180 ceribus
1059 4127 1231 4189 honorando,
1243 4132 1336 4177 seluto
1349 4126 1433 4180 tratri
1446 4137 1479 4185 et

325 4215 412 4264 beatos
424 4213 464 4264 vel
482 4222 589 4265 sanctos
604 4217 757 4281 appellatos
773 4217 876 4281 reperi·
911 4241 924 4262 ι»
937 4219 1162 4283 compresbytero
1173 4216 1363 4281 Hieronymo„
1374 4215 1423 4284 (Ρ.
1441 4221 1477 4274 L.

325 4316 395 4366 mus,
420 4307 450 4354 ut
474 4305 546 4369 apud
570 4305 750 4372 Hippolytum
775 4305 877 4358 Contra
911 4311 930 4358 t.
945 4307 1075 4359 XXXIII.
1090 4321 1115 4372 p.
1129 4307 1196 4372 276).

324 4394 450 4444 lioeresim
464 4392 544 4445 Noeti
552 4409 611 4459 cap.
625 4398 636 4446 1
648 4396 707 4446 init.
719 4397 781 4462 (cil.
793 4411 876 4462 supra
942 4399 971 4462 (ι)
983 4399 1033 4463 Op.
1048 4399 1094 4449 cit.
1108 4411 1167 4462 cap.
1184 4399 1221 4448 12.

323 4483 358 4535 N.
382 4485 426 4548 60)
449 4489 475 4536 el
498 4487 525 4536 in
549 4487 727 4550 inscriptione
754 4489 877 4552 epistolae
