3132 5140
351 431 410 491 iio
627 447 701 493 mss.
723 447 762 492 iv.
785 447 821 492 on
843 446 941 494 iccus.
964 447 1032 494 mv.
1054 448 1220 496 carusius.

350 615 431 687 tum
465 636 510 688 ac
527 611 699 713 proinde
732 612 855 688 inanis
888 611 1004 690 etiam
1037 615 1229 692 accusatio
1259 641 1344 718 quae
1375 644 1428 696 cx
1466 648 1511 698 eo

350 744 571 823 desumitur.

402 917 441 1006 ὅ.
459 923 630 1025 Objicere
647 921 744 999 forte
761 921 898 1024 aliquis
916 929 1042 1026 posset
1058 926 1311 1029 Hippolytum
1330 930 1404 1008 hoc
1422 933 1511 1010 loco

350 1083 424 1136 non
454 1082 564 1134 usum
599 1081 679 1134 esse
707 1057 822 1133 verbo
851 1069 975 1136 κελεύειν
998 1065 1065 1137 aut
1094 1073 1200 1156 ίρίζειν,
1232 1087 1317 1164 quae
1347 1069 1511 1168 proprie

349 1196 579 1296 praeceptum
602 1215 669 1268 seu
692 1190 883 1268 decretum
905 1193 1134 1294 significant,
1160 1195 1223 1272 sed
1248 1197 1389 1276 dixisse
1417 1205 1511 1278 tan-

349 1330 542 1407 tummodo
559 1335 636 1411 νιίννε
657 1337 916 1418 ε’διννιιίιισνν,...ε
935 1330 1010 1407 Iste
1023 1330 1167 1407 censuit
1172 1393 1244 1418 .....
1258 1356 1330 1409 »ac
1339 1335 1512 1434 proinde

351 1468 412 1544 hic
446 1490 520 1544 non
555 1467 745 1542 decretum
783 1462 935 1566 aliquod
970 1463 1133 1554 Callisti,
1170 1465 1234 1541 sed
1273 1469 1510 1546 sententiam

351 1627 463 1705 quam
482 1601 609 1678 docuit
626 1599 798 1676 indicari.
816 1601 928 1678 —At
943 1633 982 1680 a.
997 1601 1184 1678 Observat
1202 1600 1395 1679 Suionnus
1410 1607 1453 1703 (ι)
1470 1605 1509 1681 in

348 1737 553 1815 canonibus
569 1732 814 1812 conciliorum
832 1734 923 1812 satis
936 1736 1151 1838 frequenter
1162 1747 1349 1830 δννμιιείζειν
1367 1740 1508 1817 eodem

350 1900 462 1952 sensu
481 1874 578 1950 sumi
597 1896 669 1975 quo
687 1882 782 1964 ὁρίζειν
796 1874 846 1972 (2).
862 1873 886 1950 J
888 1897 951 1949 am
968 1898 1057 1988 pero
1076 1887 1110 1953 ίν.
1124 1875 1207 1951 Hoc
1225 1901 1336 1957 sensu
1354 1875 1422 1953 hic
1442 1902 1506 1952 su·

291 2113 294 2117 ,
350 2011 526 2088 mendum
546 2033 626 2085 esse
643 2007 834 2109 colligitur
851 2012 934 2085 tum
951 2033 997 2084 cx
1014 2033 1056 2084 eo
1074 2009 1170 2110 quod
1190 2014 1314 2087 cetera
1331 2034 1421 2111 quae
1441 2010 1507 2086 hie

349 2143 517 2245 congerit
534 2145 679 2230 auctor,
698 2145 893 2244 tamquam
911 2141 1060 2220 Callisti
1079 2143 1302 2222 auctoritate
1318 2143 1427 2222 facta
1445 2145 1504 2221 illi

350 2279 529 2381 imputat;
548 2281 630 2354 tum
649 2276 746 2378 quod
765 2275 878 2380 paulo
901 2278 1000 2355 infra
1022 2303 1109 2356 suas
1131 2281 1389 2356 accusationes
1410 2307 1503 2358 con-

348 2413 501 2490 cludens
523 2442 566 2487 :a
594 2412 687 2488 Haec
713 2411 789 2510 (ait)
820 2412 1172 2491 mirificentissimus
1204 2411 1385 2492 Callistus
1410 2440 1501 2492 con-

349 2585 364 2614 ε
387 2549 481 2625 didit
494 2549 726 2646 (εννεεειίνιιννίς
746 2583 761 2612 ν
779 2549 861 2623 tum
874 2547 1033 2648 deniquo
1049 2547 1147 2649 quod
1166 2571 1272 2624 secus
1290 2545 1499 2624 admodum

286 2685 289 2690 ’
345 2685 483 2787 frigida
513 2690 609 2762 esset
638 2686 712 2762 ista
736 2684 926 2760 accusatio
952 2714 959 2760 :
985 2684 1073 2786 quid
1098 2684 1197 2760 enim
1223 2681 1404 2760 momenti
1430 2681 1498 2758 lia-

344 2821 485 2897 buisset
513 2818 580 2897 illa
605 2817 788 2897 sententia
818 2818 981 2920 episcopi
1011 2819 1141 2921 quiin
1170 2816 1265 2894 alios
1295 2816 1497 2919 episcopos

345 2955 569 3034 auctoritate
598 2980 673 3032 non
697 2952 892 3043 valuisset,
913 2954 1122 3057 praesertim
1148 2977 1265 3054 quum
1292 2976 1367 3028 non
1395 2955 1498 3027 esset

344 3092 492 3194 prolata
514 3093 553 3170 in
578 3093 705 3195 aliquo
729 3093 900 3182 concilio,
929 3095 992 3171 sed
1023 3095 1062 3170 in
1092 3097 1192 3170 coetu
1218 3092 1386 3169 fidelium
1415 3115 1497 3168 suae

344 3228 509 3306 ecclesiae
539 3229 618 3328 (ubi
640 3233 824 3331 praeterea
846 3229 912 3305 vix
938 3229 1082 3307 occasio
1110 3253 1190 3305 essc
1216 3225 1339 3330 potuit
1361 3226 1494 3327 hujus-

343 3364 443 3441 modi
462 3366 684 3443 sentcntiam
699 3364 951 3469 proferendi)i

332 3705 334 3710 '
372 3709 403 3770 (ι)
416 3703 493 3756 Thes.
506 3703 609 3757 Erotes.
622 3707 657 3758 ad
669 3708 696 3758 h.
710 3722 734 3758 v.
928 3699 1068 3760 invias...
1091 3734 1122 3743 -
1140 3707 1176 3756 Et
1194 3705 1323 3756 Zosnnis
1342 3705 1378 3755 ad
1397 3703 1494 3756 Conci-

372 3801 891 3868 (2)[uetiamcncrsosronnsinoap.1
927 3801 995 3854 lium
1016 3803 1266 3855 chalcedonense:
1291 3825 1303 3842 ε
1325 3801 1492 3852 Dioscorum

341 3893 430 3944 Galat.
449 3907 475 3944 n.
490 3895 503 3944 1
519 3894 599 3959 (Opp.
616 3895 636 3945 t.
649 3895 684 3946 X.
698 3909 725 3960 p.
744 3896 801 3946 658.
815 3895 847 3945 Ρ.
861 3895 892 3946 G.
930 3919 941 3938 ν
956 3897 983 3947 ct
995 3895 1178 3961 Eutychctam
1192 3894 1319 3958 deposuit
1331 3895 1359 3946 ct
1378 3895 1492 3946 anaihe-

341 3989 360 4037 t.
382 3985 455 4036 LXI.
472 4000 499 4049 p.
514 3984 595 4051 613):
616 4007 628 4028 a
648 3974 758 4045 Potius,
775 3985 898 4036 lacobus
933 4008 945 4027 ν
960 3987 1033 4037 mato
1056 3986 1130 4036 feriit
1151 3987 1210 4036 haec
1237 3985 1333 4036 sancta
1355 3985 1491 4050 Synodus,

341 4115 353 4131 .
367 4084 394 4135 ct
405 4081 422 4134 J
425 4096 528 4134 oannes
539 4082 597 4132 haec
610 4079 860 4149 [circumcisionem
869 4083 897 4133 et
932 4104 943 4120 ν
958 4095 1019 4145 quan
1035 4081 1159 4134 delinivit
1176 4073 1391 4152 (διγμιιτίσιισνι)
1402 4081 1492 4134 Domi-

341 4207 352 4224 ··
366 4183 437 4233 alios
449 4177 519 4232 ritus
531 4181 715 4246 iudaicosi...
730 4193 786 4232 non
799 4180 893 4246 prohi·
931 4203 943 4223 ν
958 4195 1023 4231 num
1037 4181 1162 4232 nostrum
1175 4180 1272 4230 desum
1284 4180 1424 4232 Christum
1434 4192 1491 4245 per·

340 4297 352 4316 ν
366 4273 475 4324 habant.
491 4271 618 4323 Ceterum
630 4272 658 4322 id
677 4271 822 4332 faciebant,
837 4285 891 4323 non
928 4295 940 4314 ν
953 4273 1056 4324 sectum
1077 4273 1166 4324 Deum
1187 4272 1215 4323 et
1234 4271 1388 4336 perlectum
1405 4270 1489 4324 homi-

324 4389 352 4417 .«
366 4366 439 4430 quod
454 4365 493 4417 ita
511 4365 665 4416 laciendum
683 4379 743 4417 esse
761 4365 892 4417 decerno-
930 4379 1018 4416 «nem
1039 4379 1099 4418 osse
1119 4365 1149 4417 in
1168 4365 1274 4416 duabus
1296 4365 1405 4416 naturis
1423 4365 1489 4416 citra

340 4485 352 4498 ν
366 4463 457 4514 rent...
466 4454 801 4532 wlltt'odloynaridorrrr
810 4459 892 4514 τοῦτο
928 4485 939 4504 ν
952 4447 1118 4515 divisionem
1130 4463 1158 4516 ot
1169 4461 1369 4514 confusionom.
1386 4486 1399 4502 ε
