3180 5134
637 1095 640 1102 ’
746 1099 1004 1159 arreum
1025 1100 1063 1158 B.

449 1359 492 1407 DE
508 1359 757 1410 conrnovnltsnt
772 1363 867 1411 cinca
882 1363 1161 1410 GELEBRATIONEM
1177 1361 1353 1409 Pascua'rls

784 1577 887 1644 (axrn.
904 1589 966 1632 sse.
983 1573 1025 1646 11).

378 1840 412 1902 1.
436 1853 585 1908 Eusenrus
607 1855 819 1908 cmsnnreusrs
842 1856 875 1908 H.
898 1855 930 1908 Ε.
952 1854 973 1907 l.
995 1855 1028 1909 V.

331 1967 345 1989 u
373 1949 441 2016 Cap.
469 1961 557 2004 xxrn.
584 1951 624 2004 De
649 1949 812 2018 quaestione
838 1965 904 2018 quae
926 1949 998 2006 tunc
1020 1950 1162 2020 temporis
1187 1950 1301 2020 agitata
1324 1949 1469 2015 estsuper

844 2045 969 2102 Pascha.

368 2141 474 2198 lisdem
492 2141 676 2212 temporibus
689 2145 790 2212 gravis
806 2145 1010 2200 controversia
1028 2146 1145 2210 exorta,
1160 2161 1195 2200 co
1209 2145 1288 2215 quod
1307 2157 1406 2200 omnes
1423 2152 1468 2209 pcr

329 2239 429 2294 Asiam
447 2239 580 2296 ecclesiae
603 2241 722 2296 vetusta
741 2241 867 2309 quadam
884 2241 1044 2297 traditione
1065 2241 1153 2306 nixae,
1172 2241 1393 2311 quartadecima
1408 2238 1469 2292 luna

330 2336 471 2393 salutaris
496 2337 617 2393 Paschae
639 2338 749 2394 festum
766 2339 844 2392 diem
864 2337 1072 2393 celebrandum
1091 2353 1156 2394 esse
1174 2339 1410 2406 censebantque
1427 2331 1467 2386 die

331 2433 539 2502 praescriptum
560 2433 626 2490 erat
638 2433 748 2489 ludaeis
760 2433 794 2490 ut
807 2448 915 2503 agnum
935 2434 1146 2490 immolarent:
1163 2447 1256 2503 eaque
1273 2435 1389 2489 omnino
1408 2429 1468 2483 luna

329 2528 359 2582 in
382 2543 599 2598 quamcumque
621 2529 740 2585 demum
763 2530 841 2585 diem
865 2531 1037 2600 septimanae
1062 2530 1224 2596 incidisset,
1251 2531 1338 2586 linem
1357 2523 1466 2600 jejuniis

329 2625 540 2694 imponendum
560 2641 626 2682 esso
638 2627 809 2684 statuebant
824 2648 830 2683 z
846 2642 915 2683 oum
927 2627 1027 2682 tamen
1047 2627 1171 2697 reliquae
1183 2627 1277 2682 totius
1296 2626 1374 2682 orbis
1387 2619 1466 2676 eccle
1552 2663 1553 2700 3

329 2721 463 2778 sincello
486 2737 569 2779 more
591 2723 757 2790 uterentur,
782 2725 833 2793 qui
855 2739 892 2778 ex
916 2724 1127 2793 Apostolorum
1151 2723 1311 2778 traditione
1334 2715 1467 2790 proiectus

329 2819 492 2876 etiamnum
512 2821 660 2888 servatur,
681 2822 715 2876 ut
734 2821 848 2878 scilicet
869 2837 926 2877 non
946 2821 1005 2876 alio
1026 2837 1115 2891 qrram
1129 2819 1365 2876 Resurrectionis
1385 2811 1467 2870 Douri-

327 2919 401 2973 nicae
420 2919 468 2974 dio
485 2919 600 2988 Jejunia
619 2920 694 2974 solvi
717 2919 814 2975 liceat.
837 2919 947 2988 synodi
967 2920 1003 2974 ob
1030 2919 1070 2983 id,
1093 2917 1248 2986 coetusque
1274 2919 1466 2986 episcoporum

326 3028 501 3070 convenere.
522 3015 617 3084 Atque
638 3015 741 3071 omnos
761 3031 820 3070 uno
843 3029 989 3070 consensu
1008 3013 1240 3070 ecclesiasticum
1261 3013 1392 3082 regulam
1412 3002 1467 3058 uui·

327 3113 422 3166 versis
437 3111 570 3169 fidelibus
584 3127 637 3182 per
649 3112 794 3183 epistolas
814 3111 1002 3168 tradiderunt
1017 3133 1023 3167 :
1041 3126 1078 3165 no
1091 3109 1306 3165 videlicetullo
1322 3107 1378 3163 alio
1390 3110 1465 3171 quam
1552 3097 1553 3106 ²

328 3209 480 3265 Dominico
500 3209 547 3266 die
561 3211 737 3279 mysterium
760 3211 999 3274 Resurrectionis
1020 3207 1134 3263 Domini
1149 3221 1279 3276 unquam
1293 3199 1464 3262 celebretur:

329 3305 420 3372 utque
433 3320 468 3360 eo
482 3305 628 3362 duntaxat
641 3306 688 3361 die
702 3305 895 3362 Paschalium
905 3305 1089 3374 JeJuuiorum
1106 3303 1266 3358 terminum
1281 3300 1463 3357 observantes

329 3401 434 3457 Exstat
453 3402 615 3458 etiamnum
634 3403 759 3472 epistola
772 3403 973 3466 sacerdotum,
988 3401 1037 3470 qul
1056 3401 1128 3456 tunc
1141 3399 1170 3462 in
1186 3398 1344 3453 Palaestina
1361 3397 1466 3456 congre

328 3497 388 3566 gati
411 3498 507 3556 sunt:
530 3500 636 3569 quibus
657 3497 856 3570 praesidebant
878 3497 1058 3567 Theophilus
1088 3497 1230 3551 Caesarea
1253 3489 1420 3548 Palaestinae.
1441 3475 1465 3532 ῡῑ

327 3594 484 3650 Narcissus
504 3595 777 3665 Hierosolymorum
797 3595 963 3663 episcopus.
987 3592 1053 3647 Alia
1066 3589 1155 3644 etiam
1176 3586 1276 3642 exstat
1296 3581 1413 3656 epistola
1425 3577 1465 3641 St'·

330 3692 399 3749 nodi
419 3695 570 3760 Romanae,
590 3695 638 3750 cui
658 3695 786 3750 Victoris
805 3693 933 3762 episcopi
953 3705 1059 3746 nomon
1079 3687 1235 3758 prefixum
1256 3685 1310 3742 est.
1332 3671 1464 3776 Habenti?

330 3788 476 3858 praeterea
489 3790 597 3847 litterae
610 3793 816 3861 episcoporum
838 3789 936 3852 Ponti,
952 3787 1058 3856 quibus
1078 3785 1181 3840 Palma
1194 3783 1298 3852 utpote
1317 3771 1464 3844 antiquissi-

327 3905 394 3947 mus
405 3892 532 3960 praemit.
549 3893 805 3962 Epistolaquoque
818 3889 1019 3945 ecclesiarum
1034 3886 1137 3944 Galliae
1148 3885 1257 3948 exstat,
1273 3882 1374 3952 quibos
1387 3877 1462 3942 praee

328 3987 378 4044 rat
391 3990 529 4045 irenaeus.
545 3989 744 4045 Ecclesiarnm
758 4001 874 4057 quoque
889 3987 919 4041 in
935 3985 1094 4041 Osdroenae
1107 3982 1264 4054 provincia
1274 3981 1304 4036 et
1317 3981 1345 4034 in
1360 3967 1463 4066 orbitani

328 4085 458 4154 regionis
473 4083 551 4141 illius
564 4084 795 4141 constitutarum
808 4084 918 4140 litterae
932 4082 1080 4138 visuntur.
1094 4083 1234 4135 Seorsum
1246 4093 1318 4133 vero
1331 4057 1459 4163 Bacchylll

329 4181 549 4238 corinthiorum
562 4184 702 4253 episcopi,
716 4183 902 4252 aliorumque
916 4179 1115 4250 complurium
1133 4177 1269 4246 epistolae
1282 4165 1402 4232 0xstant.
1416 4163 1460 4260 ΟΨ

327 4293 430 4335 omnes
449 4279 583 4336 mandem
598 4280 685 4336 lldom
699 4279 891 4348 eamdemque
911 4277 1080 4334 doctrinam
1095 4274 1290 4344 proterentes,
1313 4277 1393 4326 unam
1410 4251 1458 4310 cdl-

327 4375 398 4431 dcre
411 4374 597 4433 sententiam.
614 4376 650 4432 Et
668 4377 732 4433 liaeo
745 4375 864 4444 quidem
878 4375 946 4440 luit,
969 4371 1002 4428 ut
1015 4372 1087 4433 dini,
1103 4369 1222 4425 illorum
1242 4365 1378 4425 aleflnltio.
