3154 5134
310 417 369 478 512
613 429 687 475 mss.
709 429 758 473 vn.
781 427 817 472 oe
839 423 1015 473 oeconomio
1038 427 1085 472 nn.
1109 427 1153 473 m.

310 599 347 674 et
365 596 595 698 reliquorum
613 617 823 695 graecorum
841 617 885 669 ac
902 589 1145 669 orientalium
1163 592 1350 683 omnium,
1377 595 1462 673 lati·

309 757 444 811 norum
466 731 580 809 etiam
610 729 775 807 auctoris
801 727 980 805 carminis
1001 726 1182 804 adversus
1197 727 1461 816 Marcionem,

311 867 549 969 Hieronymi,
580 864 726 952 Rufini,
750 861 1037 964 inscriptionum
1067 861 1235 938 basilicae
1266 861 1462 950 Paulinae,

311 1000 539 1090 Hormisdae,
559 1000 635 1077 imo
653 1003 690 1077 et
706 998 812 1076 Libri
830 996 1066 1075 Pontificalis
1084 999 1136 1094 (1),
1157 995 1341 1073 adversus
1363 997 1465 1074 solos

309 1139 501 1212 auctorem
519 1133 692 1235 Catalogi
712 1131 916 1220 Liberiani‚
937 1131 1119 1233 Optatum
1136 1135 1174 1208 et
1186 1131 1463 1232 Augustinum,

312 1268 486 1347 Clemens
523 1269 670 1346 nonnisi
714 1270 800 1370 post
832 1264 1078 1344 Anencletum
1113 1291 1179 1342 seu
1218 1265 1372 1343 Cletum
1410 1293 1465 1344 se

313 1401 412 1477 disse
433 1402 610 1480 dicendus
635 1407 702 1479 est.
724 1401 899 1479 -Unde
923 1400 1082 1502 denique
1106 1400 1168 1476 hie
1190 1401 1353 1478 habetur
1372 1401 1465 1480 ordo

312 1534 555 1612 successionis
574 1536 782 1638 primorum
799 1539 884 1638 post
901 1533 1060 1612 Petrum
1079 1535 1341 1614 Romanorum
1362 1537 1465 1613 Pon-

312 1666 456 1746 tificum
478 1701 485 1746 :
507 1671 641 1760 Linus,
660 1669 888 1748 Anencletus
905 1695 970 1746 seu
990 1669 1134 1760 Cletus,
1155 1669 1341 1748 Clemens.

686 1978 972 2039 annotinus
1005 1978 1078 2037 111.

420 2251 463 2299 DE
485 2255 675 2308 DURATIONE
697 2262 910 2310 SINGULORUM
930 2261 1047 2310 HORUM
1069 2260 1350 2336 PONTIFICATCUM.

360 2519 421 2604 14·
439 2525 566 2613 Quum
584 2540 715 2612 Petrus
733 2559 851 2612 annos
873 2535 1008 2636 viginti
1031 2537 1195 2638 quinque
1218 2537 1395 2627 sedisset,
1416 2540 1465 2614 ab

308 2683 405 2736 anno
428 2660 570 2742 scilieet
595 2691 681 2746 aerae
708 2675 845 2748 nostrae
872 2678 919 2749 42
944 2697 1063 2773 usque
1094 2671 1140 2748 ad
1165 2697 1305 2749 annum
1328 2679 1382 2749 67
1409 2677 1462 2772 (a),

308 2800 487 2877 successit
521 2801 577 2878 illi
610 2814 731 2883 Linus.
767 2806 886 2908 Cujus
921 2807 1155 2909 pontificatui
1191 2808 1222 2884 si
1257 2807 1465 2884 duodecim

306 2954 423 3008 annos
447 2935 685 3036 assignamus
709 2965 795 3017 cum
820 2940 981 3017 Eusebio
1001 2944 1056 3039 (s),
1078 2941 1240 3042 Georgio
1264 2940 1463 3042 Syncellc,

192 3051 198 3061 ’
310 3063 524 3167 Nicephoro
550 3069 706 3162 CPano,
738 3074 1054 3177 Chronographia
1078 3079 1250 3176 syntomo
1275 3078 1312 3151 et
1334 3076 1466 3152 tribus

308 3227 400 3303 quos
423 3204 604 3282 habemus
634 3209 815 3311 catalogis
836 3208 1096 3296 orientalibus,
1130 3209 1336 3284 latinorum
1368 3235 1466 3286 vero
1574 3209 1575 3224 ¹

307 3336 490 3439 Catalcgo
520 3341 733 3434 Liberiano,
765 3370 840 3422 uno
870 3349 1019 3423 tantum
1037 3369 1136 3422 anno
1162 3344 1274 3420 abeo
1298 3369 1466 3424 numero

306 3472 562 3551 recedentibus
597 3476 849 3580 Hieronymo,
881 3478 1128 3579 inscriptione
1156 3475 1324 3553 basilicae
1357 3480 1466 3556 Pau·

338 3791 368 3856 (ι)
378 3793 497 3858 Ubtjem
507 3795 631 3859 inprime
640 3798 802 3849 recensione
812 3811 860 3848 seu
894 3797 938 3847 del
950 3799 1088 3856 martirio,
1103 3798 1153 3848 etc.
1169 3797 1265 3850 Romae
1279 3799 1351 3850 1866.
1367 3801 1464 3864 Gamo,

305 3881 437 3949 Catalogo
456 3884 557 3936 Felicis
569 3885 605 3935 1v
618 3886 710 3938 cletus
723 3887 860 3951 praeponi·
894 3885 968 3937 Jabr
983 3889 1032 3937 cler
1049 3886 1231 3938 ilai-tertodes
1247 3885 1282 3938 P.
1302 3902 1329 3940 u.
1349 3887 1387 3942 P.
1408 3891 1464 3944 Re-

305 3975 351 4023 tur
378 3973 512 4027 Clementi
541 3976 582 4034 (P.
613 3976 644 4028 L.
674 3979 693 4028 t.
723 3977 859 4029 CXXVII.
894 3979 1036 4042 gensburg
1050 3979 1121 4028 1867.

305 4075 331 4124 p.
345 4061 407 4112 1059
418 4063 499 4128 squ),
510 4065 555 4116 cui
566 4065 659 4116 tamen
670 4066 862 4126 ibid.,sieutet
929 4067 958 4128 (a)
982 4066 1014 4116 ln
1033 4065 1158 4117 Historia
1181 4064 1375 4118 Ecclesiastico
1397 4073 1463 4136 (Ap-

305 4159 377 4210 inter
389 4161 583 4228 inscriptiones
595 4163 715 4216 basilicae
726 4163 859 4226 Paulinae,
894 4163 975 4228 pond.
987 4177 1012 4227 p.
1020 4158 1067 4224 84)
1077 4164 1191 4224 scilicet,
1200 4177 1283 4227 quam
1292 4169 1356 4230 post
1369 4170 1461 4223 Chro-

301 4249 452 4302 Anacletus
463 4253 630 4304 successisse
643 4254 787 4304 indicetur.
894 4254 975 4304 nicon
988 4253 1162 4318 conscripsit,
1176 4255 1203 4306 st
1214 4255 1243 4305 in
1261 4269 1315 4318 qua
1329 4239 1458 4312 conscri-

335 4339 667 4406 (s)csr.supra1)iss.1.
687 4342 752 4406 Cap.
774 4343 809 4394 lI.
827 4371 858 4380 —
892 4344 982 4396 bonde
1004 4359 1071 4396 usus
1091 4345 1134 4396 est
1153 4345 1231 4396 libris
1255 4345 1422 4415 Hegesippi.

305 4429 585 4490 B.lnTOL1s1,L’urmc
603 4434 644 4494 67,
665 4447 693 4484 sc
709 4437 779 4494 fusse
796 4435 860 4495 picci
