3180 5134
761 1072 1032 1133 APPENDIX
1054 1075 1095 1134 G.

475 1317 717 1367 accusarlohus
731 1295 902 1372 ADVERSUS
920 1323 1106 1373 GALLISTUM
1121 1325 1146 1372 S.
1163 1325 1192 1372 P.
1208 1325 1367 1374 Paouhrm

415 1497 425 1530 a
680 1423 1029 1476 PHILOSOPHOUMENON
1045 1427 1108 1476 Lis.
1126 1427 1169 1476 11.

387 1655 459 1726 Cap.
479 1656 520 1712 ll.
539 1680 551 1700 u
569 1656 650 1710 Hanc
664 1653 802 1710 haeresim
816 1655 924 1731 [Nocti]
938 1655 1152 1712 corroborabat
1161 1655 1312 1723 callistus,
1322 1658 1369 1712 uir
1378 1655 1486 1713 malitias

347 1753 472 1810 callidus
488 1753 519 1808 et
534 1752 618 1808 valer
634 1751 672 1806 ad
691 1750 900 1820 seducendum,
918 1754 969 1822 qui
986 1753 1115 1824 episcopi
1134 1750 1306 1808 cathedram
1324 1752 1483 1809 venabatur.

345 1853 511 1924 zephyrino
530 1851 640 1917 autem,
662 1850 727 1906 viro
744 1850 862 1907 indocto
880 1851 911 1907 et
926 1851 1068 1908 illiterato
1087 1851 1349 1922 definitionumque
1362 1851 1485 1908 ecclesia·

346 1951 489 2006 sticarum
502 1948 616 2017 ignaro,
631 1960 719 2015 quem
733 1945 889 2003 mulcendo
902 1947 986 2004 donis
997 1949 1028 2004 et
1037 1947 1285 2019 postulationibus
1295 1948 1395 2004 vetitis
1407 1947 1483 2003 duce

345 2046 396 2102 bat
408 2045 446 2101 ad
458 2042 653 2114 quodcunque
666 2042 795 2110 volebat,
814 2042 884 2098 dum
899 2044 1045 2100 donorum
1058 2045 1198 2114 acceptor
1211 2043 1290 2100 esset
1307 2043 1484 2114 pecuniaeque

344 2143 459 2209 avidus,
482 2139 678 2212 persuadebat
702 2139 737 2195 ut
761 2139 878 2196 assidue
904 2142 986 2198 rixas
1012 2143 1147 2198 moueret
1172 2141 1250 2197 inter
1276 2142 1395 2210 iratres,
1422 2140 1484 2195 dum

344 2241 407 2309 ipse
424 2238 579 2307 utriusque
596 2236 690 2306 partis
706 2235 891 2292 voluntatem
907 2237 1010 2307 postea
1025 2238 1132 2294 astutis
1149 2237 1248 2294 verbis
1265 2238 1383 2294 sibimet
1398 2235 1485 2294 couci-

344 2337 447 2402 liabat,
469 2335 499 2391 et
516 2335 582 2390 tum
598 2333 716 2404 quidem
737 2333 864 2404 illisqui
884 2335 965 2392 recte
985 2337 1161 2403 sentiebant,
1182 2337 1323 2407 privatim
1343 2351 1374 2393 se
1392 2336 1484 2394 eadem

344 2439 453 2495 sentire
469 2435 569 2491 dicens
588 2447 638 2489 eos
657 2433 787 2500 fallebat,
809 2448 914 2492 rursus
930 2435 1031 2492 autem
1050 2436 1162 2493 iterum
1179 2437 1215 2493 iis
1232 2438 1282 2507 qui
1297 2436 1414 2494 sabellii
1427 2450 1484 2492 sen·

342 2534 466 2591 tentiam
492 2531 701 2602 sequebantur,
728 2531 932 2600 consimiliter,
957 2548 1045 2603 quern
1068 2535 1099 2590 et
1121 2535 1218 2605 ipsum
1243 2536 1401 2606 pervertit,
1422 2548 1484 2590 cum

342 2633 442 2703 posset
454 2632 503 2688 ille
516 2630 615 2687 rectus
629 2643 702 2686 esse.
719 2631 794 2684 Dum
812 2631 890 2685 enim
903 2645 921 2686 a
934 2631 1018 2688 nobis
1031 2631 1257 2699 admonebatur,
1277 2648 1337 2689 non
1355 2632 1485 2688 obdures-

341 2729 443 2796 cebat;
459 2727 508 2784 ubi
522 2727 621 2782 autem
639 2740 706 2780 cum
725 2724 845 2781 Callisto
863 2725 1016 2784 solitarius
1033 2727 1150 2798 agebat,
1169 2727 1206 2782 ab
1224 2742 1259 2784 eo
1278 2727 1485 2784 sollicitabatur

340 2826 374 2882 ut
385 2825 421 2880 ad
432 2823 595 2881 Cleomenis
605 2821 770 2880 doctrinam
781 2815 929 2891 vergeret,
941 2838 1010 2879 cum
1020 2823 1045 2878 is
1056 2823 1194 2880 similiter
1205 2839 1236 2880 se
1247 2825 1361 2881 sentire
1371 2823 1483 2880 dicaret.

342 2920 394 2977 llle
412 2920 512 2976 autem
532 2919 596 2974 tum
616 2916 733 2987 quidem
754 2917 819 2985 ejus
837 2919 1069 2976 fraudulentiam
1092 2936 1149 2976 non
1173 2921 1368 2992 intelligebat,
1388 2921 1482 2992 postea

339 3033 412 3076 vcro
432 3015 580 3086 cognovit,
600 3013 677 3070 sicut
695 3013 868 3084 paulopost
887 3016 1041 3073 enarrabo.
1062 3019 1161 3086 Ipsum
1177 3019 1278 3074 autem
1291 3017 1482 3089 zephyrinum

232 3143 234 3148 ·
339 3117 504 3190 provehens
516 3112 681 3170 adducebat
694 3112 728 3168 ut
741 3112 840 3182 palam
852 3115 961 3184 populo
974 3114 1086 3172 diceret
1101 3136 1107 3172 :
1124 3117 1186 3186 ugo
1202 3117 1273 3173 novi
1290 3131 1383 3174 uuum
1399 3119 1484 3172 Deum

338 3218 445 3293 lesum
458 3211 619 3277 Christum,
639 3223 692 3265 nec
711 3209 821 3278 praeter
840 3223 908 3265 eum
929 3209 1023 3266 ullum
1042 3210 1133 3266 alium
1154 3211 1330 3282 generatum
1350 3213 1383 3268 et
1401 3210 1484 3282 pessi·

339 3317 444 3383 bilem;
458 3314 523 3369 tum
536 3326 608 3368 vero
622 3311 740 3367 dicens:
758 3313 821 3366 Non
833 3311 922 3366 Pater
932 3311 1068 3367 mortuus
1080 3311 1136 3379 est,
1148 3311 1198 3368 sed
1212 3312 1304 3370 Filius
1317 3334 1323 3370 :
1336 3313 1391 3370 tali
1403 3311 1484 3368 modo

339 3416 512 3490 perpetuam
534 3413 632 3469 rixam
651 3413 680 3467 in
705 3411 789 3481 plebe
808 3410 959 3466 sustinuit.
988 3411 1077 3481 Cuius
1100 3412 1314 3468 consiliarum
1337 3411 1484 3483 cognoris·

338 3527 449 3577 scmus,
463 3525 516 3566 nos
531 3524 589 3566 non
603 3507 836 3564 concedebamus
850 3495 1045 3577 coarguentes
1055 3509 1085 3564 et
1097 3507 1270 3565 resistentes
1280 3523 1334 3579 pro
1346 3509 1482 3572 ueritate;
1567 3561 1568 3584 ,

338 3611 388 3681 qui
411 3607 526 3664 delatus
546 3605 582 3661 ad
603 3604 793 3678 dementiam,
818 3603 976 3674 propterea
999 3604 1076 3673 quod
1100 3619 1203 3660 omnes
1223 3603 1288 3675 ejus
1311 3601 1484 3662 simulationi
1567 3597 1568 3664 l

337 3702 548 3770 assentiebant,
569 3717 621 3759 nos
641 3703 741 3758 autem
761 3717 830 3768 non,
852 3700 967 3756 ditheos
991 3717 1045 3758 nos
1065 3701 1201 3770 vocabat,
1225 3701 1331 3773 sponte
1353 3715 1485 3759 evomens
1567 3685 1568 3720 l

338 3805 422 3861 virus
442 3787 519 3872 cuod
541 3801 569 3856 in
591 3799 702 3855 intimis
723 3799 789 3869 eJ'us
810 3797 975 3853 uisceribus
994 3797 1116 3854 latebat.
1136 3798 1265 3868 Huiusce
1283 3799 1379 3854 vitam
1397 3796 1485 3868 placet

337 3901 421 3958 nobis
431 3912 589 3969 exponere,
602 3896 670 3965 quia
681 3895 783 3950 cadem
798 3894 887 3950 atate
898 3905 957 3964 qua
971 3909 1024 3952 nos
1035 3895 1145 3962 extitit,
1160 3895 1194 3952 ut
1206 3894 1340 3952 moribus
1353 3896 1421 3952 talis
1435 3891 1484 3948 viri

336 3998 501 4073 patefactis,
524 3995 610 4051 facile
632 3993 830 4064 perspiciatur
850 3991 960 4061 etjam
980 3992 1017 4048 ab
1036 3992 1072 4049 iis
1091 3993 1142 4062 qui
1162 3994 1261 4050 mente
1283 3993 1401 4064 praediti
1424 3989 1486 4048 sunt

336 4093 535 4166 vilipendatur
551 4090 672 4148 haeresis
686 4103 740 4159 per
754 4104 822 4144 eum
838 4090 986 4159 suscepta.
1003 4090 1056 4146 llic
1070 4091 1248 4159 martyrium
1261 4089 1333 4147 fecit
1346 4089 1483 4147 Fusciano

336 4193 477 4265 praelecto
491 4191 573 4247 urbis
587 4191 698 4246 Romae.
714 4187 819 4243 Modus
837 4186 937 4243 autem
951 4186 1015 4256 eius
1029 4187 1166 4257 martyrii
1179 4187 1236 4244 luit
1249 4187 1428 4266 hujusmodi.

375 4309 447 4383 Cep.
472 4311 513 4369 12.
532 4335 545 4359 n
564 4313 674 4367 Servus
693 4310 759 4366 erat
777 4307 958 4380 carpophori
976 4307 1132 4379 cujusdam
1151 4309 1209 4365 riri
1229 4308 1324 4366 fidelis
1344 4325 1362 4366 e
1381 4305 1485 4366 familia

338 4409 473 4470 Caesaris.
490 4407 698 4478 carpophorus
717 4406 755 4474 ei,
772 4405 880 4476 quippe
898 4404 988 4468 fideli,
1008 4405 1137 4475 prelium
1155 4419 1212 4462 non
1230 4419 1360 4476 parvum
1373 4415 1483 4464 concre-
