3208 5150
298 451 356 498 cor.
378 451 417 498 ιιι.
442 453 532 500 ιιτιιιιιι
553 452 656 500 ιιιτοιι
678 451 794 500 osnuos
815 453 1070 504 excoxnunrmnu.
1217 447 1255 506 67

110 627 276 705 Asianos
312 630 351 706 in
388 655 431 707 ea
460 630 633 733 opinione
664 655 743 708 esse
778 635 822 708 ut
854 631 1114 712 existimarent
1145 660 1253 714 suam

110 763 388 842 observantiam
416 764 620 866 Evangelio
646 769 684 842 et
703 766 790 866 jure
819 764 948 842 divino
977 768 1250 871 praescriptam,

110 897 324 976 Romanam
341 925 430 977 vero
454 899 649 977 ecclesiam
669 925 755 976 cum
777 901 910 978 ceteris
933 900 1099 978 ecclesiis
1117 903 1151 980 ei
1168 930 1254 982 con·

108 1033 353 1112 sentientibus
367 1033 534 1136 regulam
549 1035 635 1112 fidei
649 1038 687 1111 et
698 1034 866 1112 divinam
879 1033 999 1136 legem
1013 1037 1224 1138 transgredi
1240 1069 1247 1116 :

108 1170 176 1270 qui
197 1196 298 1250 error
313 1178 396 1250 erat
411 1197 501 1250 sane
517 1172 645 1274 gravis
663 1175 701 1248 et
717 1171 882 1250 ecclesiae
899 1173 1061 1250 maxime
1079 1175 1248 1266 nocivus,

108 1307 318 1404 praesertim
335 1307 378 1386 eo
401 1311 568 1409 tempore
592 1332 664 1408 quo
689 1331 821 1382 rursus
842 1310 974 1382 exorta
997 1310 1078 1384 erat
1096 1307 1250 1386 haeresis

101 1438 390 1537 judaizantium.
426 1440 537 1518 Unde
562 1441 650 1541 jure
685 1443 831 1542 poterat
862 1440 1040 1519 Summus
1073 1441 1250 1520 Pontifex

103 1573 331 1670 gravissima
348 1575 462 1654 etiam
485 1576 648 1654 remedia
665 1575 854 1654 adhibere.

156 1765 215 1850 12.
226 1787 301 1852 111.
318 1770 402 1858 Quo
416 1758 564 1846 facilius
582 1774 619 1846 et
636 1769 772 1884 rectius
785 1769 971 1872 judicium
991 1770 1088 1846 iuter
1105 1775 1247 1850 utram-

102 1927 178 2002 que
201 1903 294 1982 hanc
318 1904 541 1982 sententiam
566 1903 663 1989 ferre
683 1905 883 2007 possimus
903 1905 1053 2006 juvabit
1075 1907 1247 2008 quaedam

102 2041 330 2139 praemittere
367 2041 467 2117 circa
501 2040 609 2117 varia
649 2064 788 2142 genera
820 2040 1248 2120 excommunicationum

102 2173 202 2272 apud
226 2179 369 2252 veteres
395 2173 619 2252 christianos
645 2173 798 2262 usitata,
823 2178 903 2251 tum
929 2173 1050 2275 quoad
1074 2173 1190 2253 laicos
1211 2180 1248 2254 et

102 2303 253 2384 clericos
275 2308 453 2398 minores
476 2311 558 2384 tum
574 2307 701 2409 ,quoad
725 2308 916 2410 episcopos
940 2312 978 2384 et
999 2306 1174 2386 ecclesias
1192 2313 1243 2408 (ι).

155 2490 212 2574 13.
231 2513 282 2578 A.
305 2498 440 2586 Quoad
462 2498 591 2589 laicos,
618 2499 691 2577 duo
715 2499 930 2600 hujusmodi
955 2524 1093 2600 genera
1116 2501 1244 2578 distin·
1337 2541 1342 2548 ·

103 2638 167 2736 gui
196 2647 362 2742 possunt.
400 2641 513 2718 Prior
547 2639 688 2718 scilicet
716 2639 1065 2732 excommunicatio,
1098 2667 1182 2744 quae
1211 2645 1243 2721 si

103 2774 315 2854 conferatur
335 2801 422 2853 cum
440 2775 651 2878 posteriori,
673 2776 802 2851 mr'oor
825 2774 899 2850 dici
917 2778 1038 2876 potest
1059 2777 1243 2876 (quamvis

104 2929 177 2983 non
193 2910 319 2986 eodem
345 2935 457 2988 sensu
480 2935 553 3013 quo
579 2935 677 2988 nunc
695 2915 901 3013 usurpatur
925 2909 998 2987 isto
1014 2911 1241 3014 appellatio),

103 3063 146 3116 ea
168 3048 223 3120 est
245 3021 329 3146 puae
348 3047 429 3148 jam
452 3047 499 3123 ab
517 3045 638 3135 initio,
659 3045 721 3122 sed
740 3045 949 3148 praesertim
967 3049 1109 3148 postea,
1129 3047 1242 3122 etiam

101 3181 325 3272 poenitentia
349 3187 565 3284 nuncupata
587 3185 654 3257 est.
680 3181 757 3257 Per
779 3179 877 3256 hanc
901 3179 1063 3281 separati
1090 3205 1163 3257 non
1188 3207 1242 3258 re

104 3313 363 3393 scindebantur
391 3340 589 3418 acorpore
615 3312 794 3403 ecclesiae,
814 3313 877 3390 sed
908 3313 948 3388 in
977 3337 1019 3390 eo
1046 3337 1238 3391 remanen-

103 3459 168 3544 tes,
194 3455 358 3533 fidelium
375 3456 545 3558 precibus
571 3441 860 3557 adjuvabantur.
881 3453 983 3542 Quin
1009 3458 1047 3530 et
1063 3479 1130 3556 pro
1149 3455 1240 3558 ipsis

102 3589 291 3690 tamquam
323 3615 391 3693 pro
426 3590 513 3668 filiis
547 3595 584 3668 et
616 3589 792 3668 membris
828 3591 905 3666 suis
939 3589 1096 3666 ecclesia
1125 3589 1240 3692 pluri-

104 3747 205 3802 mum
227 3725 386 3804 sollicita
414 3731 507 3816 erat,
538 3724 759 3828 volebatque
788 3730 831 3803 ut
859 3725 1023 3828 episcopi
1053 3729 1090 3802 et
1119 3749 1238 3802 sacer-

103 3857 205 3940 dotes
228 3863 441 3965 diligentem
464 3887 594 3940 eorum
616 3886 747 3938 curam
767 3865 939 3962 agerent;
963 3864 1001 3937 et
1024 3859 1056 3937 si
1073 3863 1240 3962 ternpore

103 3997 327 4091 poenitentiae
349 3999 514 4075 nondum
532 4001 662 4074 exacto
680 4021 747 4073 neo
770 3995 1071 4074 reconciliatione
1088 3996 1238 4070 obtenta

103 4158 157 4211 eos
197 4136 289 4212 mori
318 4134 547 4235 contigisset,
583 4132 788 4210 oblationes
818 4133 985 4234 ipsorum
1018 4129 1236 4226 insignum

130 4457 155 4521 b)
169 4454 227 4507 Csr.
240 4451 299 4504 Vns
312 4453 417 4512 Esrsn,
431 4449 483 4502 Jus
495 4451 647 4504 Ecclesium.
663 4452 742 4542 Part..
752 4465 788 4503 ιιι.
802 4453 844 4504 tit.
859 4453 897 4501 ll.
910 4463 969 4513 cap.
982 4451 1006 4499 4.
