3208 5150
360 441 398 500 74
564 456 633 502 mss
658 457 685 501 u.
709 457 744 502 uu
765 456 905 503 cournov.
928 456 1007 502 cinca
1029 457 1181 504 crusnam.
1203 455 1304 504 rison.

359 645 465 722 posse
491 615 971 723 pronuntiariffiraeterea,
999 620 1131 722 primis
1156 622 1322 700 eeclesiae
1347 623 1492 710 seculis

358 781 432 832 non
467 755 615 834 videtur
644 783 809 860 unquam
844 756 1057 858 hujusmodi
1092 758 1276 835 sententia
1308 757 1386 836 lata
1418 783 1494 834 esse

356 892 486 966 contra
509 890 723 992 episcopum
747 891 818 966 nisi
844 889 1074 992 praecedente
1098 890 1238 992 synodo
1260 891 1299 967 in
1321 915 1396 992 qua
1416 891 1493 992 ejus

355 1047 470 1099 causa
491 1023 659 1123 judicata
685 1023 819 1104 fuerat.
848 1024 1017 1125 Denique
1041 1050 1107 1126 per
1137 1026 1333 1127 duplicem,
1351 1029 1491 1127 partem
1517 1035 1520 1044 '

235 1167 240 1176 '
355 1163 493 1235 nostrae
516 1157 708 1234 sententiae
729 1158 868 1260 optime
884 1162 921 1236 et
938 1156 1047 1257 facile
1065 1158 1312 1236 conciliantur
1329 1161 1489 1237 testimo·

353 1293 417 1370 nia
430 1297 466 1369 et
482 1297 704 1392 argumenta
717 1293 763 1368 ab
782 1293 976 1394 utriusque
993 1298 1169 1370 extremae
1186 1319 1300 1396 supra
1317 1293 1490 1396 expositae
1555 1383 1559 1388 1

353 1427 561 1505 fautoribus
594 1425 722 1504 allata.
752 1426 860 1515 Quod
890 1427 1038 1528 quidem
1068 1454 1133 1530 per
1163 1454 1202 1506 se
1232 1429 1322 1505 satis
1348 1431 1490 1506 constat

355 1562 476 1665 quoad
496 1569 718 1662 argumenta
732 1561 925 1638 sententiae
943 1563 1157 1663 posterioris
1176 1589 1241 1640 seu
1254 1561 1484 1640 affirmantis,

324 1699 430 1810 'Nec
459 1696 716 1776 difficultatem
746 1697 934 1774 facessunt
958 1721 1003 1774 ea
1033 1698 1167 1799 quibus
1196 1699 1384 1776 nitebatur
1409 1721 1486 1774 sen·

351 1835 468 1913 tentia
485 1834 588 1937 prior
605 1858 669 1910 seu
688 1858 826 1935 negans
845 1836 895 1933 (1).
917 1833 1067 1911 Etenim

398 2015 465 2098 ‘23ae
485 2017 542 2094 Ad
568 2023 613 2092 1¹¹¹
635 2015 685 2094 R.
712 2013 992 2091 Advertendum
1015 2018 1071 2091 est
1096 2013 1393 2092 communionem
1412 2039 1482 2090 non

346 2154 399 2232 ita
433 2155 496 2230 diu
526 2153 724 2254 abruptam
759 2174 858 2239 esse,
893 2149 974 2227 sive
1007 2149 1096 2252 quia
1129 2149 1278 2239 Victor,
1314 2151 1482 2253 precibus

345 2289 506 2367 aliorum
528 2288 786 2391 episcoporum
808 2291 945 2376 motus,
967 2311 991 2364 a
1012 2287 1209 2364 severitate
1230 2312 1298 2364 sua
1319 2287 1480 2374 deflexit,
1576 2299 1577 2324 ¹

343 2425 424 2503 sive
446 2425 535 2529 quia
556 2424 621 2502 ilio
642 2424 827 2502 Pontifioc
850 2447 923 2500 non
946 2424 1064 2501 multo
1085 2429 1170 2527 post
1191 2427 1262 2523 (an.
1288 2424 1375 2501 circ.
1400 2427 1480 2520 202)

345 2564 464 2638 morte
481 2558 640 2647 sublate,
661 2583 891 2637 successores
909 2560 989 2659 ejus
1007 2584 1085 2636 rem
1105 2558 1260 2636 ulterius
1279 2560 1479 2660 ungendam

343 2717 418 2770 non
444 2696 531 2769 sunt
557 2692 750 2781 arbitrati;
779 2693 858 2769 sive
886 2695 1038 2794 propter
1067 2698 1234 2771 exortam
1261 2693 1363 2769 brevi
1392 2693 1478 2794 Sop-

341 2825 440 2922 timii
458 2825 587 2905 Severi
604 2827 910 2928 persecutionem.
931 2827 953 2903 J
956 2851 1017 2902 am
1035 2850 1124 2903 vero
1145 2859 1183 2906 u.
1206 2829 1478 2928 Argumentum

341 2959 555 3038 Firmiliani
585 2959 664 3035 vim
693 2984 800 3036 suam
830 2985 904 3037 non
933 2959 1129 3038 amittebat
1152 2985 1198 3036 ex
1224 2985 1266 3036 eo
1292 2959 1388 3061 quod
1414 2982 1478 3061 per

339 3097 452 3172 breve
474 3099 620 3197 tempus
641 3093 853 3170 communio
877 3094 1087 3195 interrupta
1110 3092 1182 3169 fuit
1203 3096 1254 3192 (a),
1279 3093 1310 3168 si
1333 3093 1473 3178 deinde,

339 3229 469 3307 eadem
490 3230 672 3307 varietate
695 3228 796 3304 circa
817 3227 1113 3305 observationem
1137 3225 1334 3303 Paschatis
1359 3247 1474 3301 rema-

340 3369 461 3453 nente,
481 3364 645 3441 ecclesiae
665 3388 797 3440 rursus
818 3363 913 3439 inter
930 3386 969 3438 se
988 3361 1322 3439 communicarunt.
1342 3375 1376 3438 b.
1395 3358 1473 3434 Fir·

338 3497 515 3576 milianus
541 3497 622 3574 haec
647 3497 796 3600 scripsit
822 3521 895 3572 non
918 3500 961 3572 ut
983 3494 1308 3596 historiographus
1333 3494 1397 3608 qui
1421 3518 1472 3568 se-

277 3627 278 3632 ’
337 3631 426 3708 dulo
450 3657 528 3708 rem
553 3633 786 3709 examinasse
812 3630 968 3744 supponi
994 3630 1124 3733 possit,
1151 3630 1214 3706 scd
1238 3631 1356 3707 obiter
1383 3627 1472 3706 iilud

337 3767 478 3845 factum
499 3767 626 3869 attigit
648 3767 687 3844 in
708 3765 864 3867 epistola
885 3765 948 3841 ubi
971 3789 1105 3866 magno
1128 3769 1222 3842 aestu
1243 3769 1372 3842 contra
1395 3767 1471 3842 Ste-

336 3903 502 4007 phanum
526 3903 565 3980 S.
591 3903 636 3979 P.
661 3900 847 4001 congessit
867 3900 1045 4002 quidquid
1067 3899 1114 3978 ad
1137 3902 1217 4002 ejus
1238 3900 1471 3976 severitatem

336 4037 611 4139 coarguendam
636 4036 804 4114 conferre
828 4036 1035 4114 videbatur.
1065 4037 1248 4115 Eusebius
1277 4039 1401 4112 autem
1427 4059 1470 4110 ex
1576 4123 1577 4126 Ἴ

366 4289 394 4352 (1)
407 4283 460 4340 Cir.
474 4301 559 4352 supra
570 4287 604 4338 N.
616 4287 669 4338 2-8.
917 4286 967 4336 bus
995 4284 1044 4336 illa
1071 4283 1272 4336 communionis
1307 4282 1468 4348 interruptio
1576 4301 1577 4306 ¹

368 4382 397 4444 (ι)
410 4379 444 4431 m
457 4380 525 4429 sorte
537 4379 611 4429 intra
623 4378 674 4429 boc
687 4377 767 4428 breve
779 4377 886 4440 tempus
919 4375 1094 4427 manifestate
1105 4373 1195 4425 merit.
1288 4407 1293 4417 .

334 4464 883 4529 vixullaeoccurrernntoccmioneaqui-
