3208 5150
733 1149 967 1234 CAPUT
1020 1151 1122 1232 ΙΙΙ.

421 1429 553 1486 UTRUM
583 1433 724 1489 PETRL'S
753 1423 940 1492 SOLUS'AN
970 1437 1082 1492 SIMUL
1111 1439 1189 1492 CUM
1220 1438 1265 1492 ΕΟ
1296 1437 1448 1491 PAULL'S

628 1555 812 1614 ROMANAM
833 1561 1031 1616 ECCLESIAM
1052 1559 1225 1618 REXERIT.

408 2043 442 2126 l.
461 2047 639 2150 Plerique
656 2051 855 2152 scriptores
873 2050 1047 2127 catholici
1064 2052 1124 2127 vel
1143 2052 1240 2129 hanc
1254 2048 1508 2152 quaestionem

356 2183 552 2284 negligunt
584 2185 645 2260 vel
680 2185 844 2262 Paulum
879 2186 1062 2264 Romanae
1101 2185 1269 2264 ecclesiae
1303 2181 1511 2285 praefuisse

354 2317 492 2394 diserte
521 2323 670 2420 negant.
705 2319 757 2394 Hi
787 2325 914 2396 autem
943 2319 1164 2396 sententiam
1194 2340 1302 2394 suam
1332 2339 1510 2416 compro-

355 2453 443 2528 bare
465 2452 640 2530 nituntur
659 2453 847 2530 afferendo
869 2453 1131 2530 auctoritatem
1154 2455 1325 2526 veterum
1350 2447 1509 2526 Catale-

354 2609 489 2686 gorum
503 2585 592 2664 RR.
610 2587 692 2663 ΡΡ.
710 2590 748 2663 et
760 2586 920 2663 Patrum
934 2587 999 2688 qui
1012 2586 1228 2664 Romanam
1246 2583 1372 2659 sedem
1393 2581 1509 2658 Petri

353 2720 476 2796 sedem
495 2720 733 2821 appellarunt
750 2725 787 2797 et
804 2722 1005 2798 Pontifices
1024 2722 1216 2799 Romanos
1235 2717 1408 2794 haeredes
1429 2718 1505 2793 Pe·

349 2854 399 2931 tri
421 2879 502 2931 csse
525 2855 773 2933 affirmarunt.
803 2893 818 2922 a
840 2859 1031 2934 Praeterea
1050 2859 1116 2954 (ait
1133 2858 1285 2953 Panna)
1305 2856 1343 2950 (1)
1363 2879 1506 2929 monu-

349 3001 475 3073 menta
505 3021 590 3097 quae
619 2995 805 3073 habentur
837 2996 883 3072 de
918 2996 1121 3074 schismate
1150 3022 1174 3073 a
1208 2993 1432 3072 Novatiano
1466 2993 1507 3068 in

350 3133 527 3210 Romana
555 3132 711 3210 ecclesia
744 3133 904 3210 excitato
938 3132 1087 3235 quando
1122 3130 1321 3210 Cornelius
1353 3129 1508 3207 electus

349 3269 422 3352 est;
448 3265 663 3342 testimonia
686 3265 911 3367 scriptorum
932 3290 1016 3366 quae
1042 3267 1192 3341 exstant
1213 3263 1258 3338 de
1282 3261 1432 3339 Liberii
1458 3263 1507 3340 ad

348 3399 479 3474 urbem
509 3397 644 3486 reditu,
677 3423 721 3474 ac
750 3396 796 3473 de
821 3397 957 3474 Felicis
983 3398 1161 3485 discessu,
1188 3396 1252 3498 qui
1277 3396 1439 3473 Liberio
1467 3397 1507 3473 in

348 3533 504 3611 exilium
533 3533 641 3635 pulso
671 3558 711 3608 se
738 3532 852 3609 veluti
876 3533 1098 3611 Pontificem
1122 3533 1163 3608 in
1188 3532 1282 3608 urbe
1308 3538 1505 3632 gesserat,

350 3667 440 3743 satis
464 3665 566 3744 clare
588 3665 856 3752 demonstrant,
883 3665 982 3767 apud
1001 3665 1194 3744 Romanos
1212 3665 1506 3767 persuasionem

349 3797 478 3887 fuisse,
498 3797 597 3875 utin
615 3823 691 3874 una
708 3797 909 3898 cademque
929 3797 1085 3875 ecclesia
1107 3799 1180 3876 duo
1198 3796 1312 3874 simul
1329 3799 1507 3903 episcopi

348 3957 429 4008 esse
446 3958 520 4010 non
537 3933 690 4035 possint.
712 3931 881 4033 Denique
902 3931 998 4008 hanc
1020 3930 1187 4009 ecclcsiae
1207 3931 1398 4009 Romanae
1423 3959 1508 4009 sen-

349 4067 506 4144 tentiam
522 4066 638 4143 fuisso
655 4067 702 4143 ab
719 4065 819 4142 omni
837 4066 1076 4167 antiquitate,
1096 4066 1195 4142 inter
1212 4068 1337 4141 cetera
1357 4067 1508 4144 evincit
1594 4093 1595 4106 ³

352 4201 575 4282 Malchionis
610 4199 774 4278 Romani
801 4199 996 4276 Pontificis
1025 4199 1160 4301 agendi
1186 4223 1230 4276 ac
1259 4197 1506 4280 discernendi

381 4499 410 4562 (ι)
424 4497 549 4550 Praelect.
563 4496 744 4564 torn.1.part.
757 4507 775 4546 r.
790 4507 850 4558 cap.
863 4497 956 4548 7extr.
