3154 5134
270 445 329 504 294
636 459 707 504 mss.
729 459 767 504 u.
789 459 825 504 oa
846 457 1020 503 nurmnouu

197 659 209 676 ·
271 668 343 720 non
374 644 494 744 magis
524 643 737 721 mirandum
767 648 836 730 est,
868 666 985 744 quum
1018 639 1225 718 consultius
1259 641 1423 717 duxerit

270 778 364 854 nihil
394 779 544 856 omnino
575 777 713 855 referre
737 777 783 854 de
807 777 854 853 iis
884 801 968 878 quae
997 775 1037 851 in
1061 773 1229 852 Concilio
1255 775 1420 851 Nicaeno

269 917 354 990 acta
376 921 463 992 sunt
486 914 665 991 adversus
690 913 824 990 Arium
850 913 1004 1014 ejusque
1027 909 1237 987 doctrinam
1256 912 1293 985 et
1311 908 1420 986 circa

271 1046 524 1125 definitionem
544 1047 641 1124 fidei.

316 1243 355 1308 d.
374 1228 543 1329 Denique
562 1228 648 1305 etsi
667 1209 933 1328 quaedam'alia
950 1229 1035 1328 post
1052 1224 1266 1303 Concilium
1286 1225 1416 1301 Nicae-

270 1385 359 1436 num
382 1362 574 1464 scripserit
595 1361 658 1438 ubi
681 1361 776 1438 forte
793 1384 988 1438 occurrere
1006 1360 1127 1462 potuit
1144 1359 1288 1436 occasio
1303 1358 1417 1436 illam

266 1493 608 1572 condemnationem
626 1495 822 1582 referendi,
839 1518 957 1595 neque
970 1498 1096 1570 tamen
1114 1495 1153 1570 id
1172 1496 1412 1596 praestiterit,

269 1625 338 1704 hoo
360 1627 550 1705 silentium
574 1628 684 1706 facile
701 1628 909 1729 explicatur
932 1627 1030 1704 sicut
1048 1631 1084 1726 (1)
1108 1627 1337 1730 explicatum
1354 1635 1416 1708 est

268 1763 475 1861 generatim
501 1764 689 1840 silentium
706 1751 947 1839 A'rianorum.
973 1764 1023 1840 Et
1040 1767 1221 1864 praeterea
1245 1763 1414 1844 Eusebio

267 1896 438 1997 specialis
461 1899 556 1974 ratio
578 1901 659 1973 erat
682 1896 829 1985 silendi,
853 1921 968 1998 quum
990 1897 1029 1972 in
1059 1896 1227 1974 Concilio
1252 1897 1414 1977 Nieaeno

162 2015 166 2022 ¹
268 2029 400 2108 saltem
417 2032 580 2109 exterius
598 2031 816 2109 adhaesisset
833 2030 1005 2108 formulae
1017 2043 1166 2122 taedae.

319 2221 376 2307 15.
394 2243 469 2306 111.
488 2227 575 2303 dam
593 2225 689 2327 quod
707 2223 841 2301 attinet
857 2225 904 2299 ad
924 2225 1143 2325 qualitatem
1160 2229 1338 2305 testium:

316 2404 351 2473 1⁰
372 2399 515 2475 Mirum
533 2398 688 2500 apparet
701 2396 859 2471 Marano
874 2393 1126 2472 definitionem
1144 2396 1248 2473 illam
1263 2397 1412 2498 Synodi

263 2534 505 2611 Antiochense
526 2531 670 2609 tamdiu
692 2531 775 2632 post
793 2527 1004 2605 Concilium
1023 2532 1057 2606 N
1061 2531 1221 2607 icaenum
1239 2532 1409 2634 primum

261 2667 445 2768 prolatam
463 2668 577 2743 fuisse
595 2666 642 2742 ab
661 2665 707 2740 iis
725 2662 859 2764 quibus
879 2663 1042 2739 maxime
1066 2665 1216 2741 favebat
1232 2669 1269 2742 et
1285 2664 1410 2742 latere

260 2801 427 2900 potuisse
444 2805 524 2878 tum
543 2797 770 2885 (rethoricos,
789 2800 870 2873 tum
884 2798 1059 2889 Arianos
1076 2801 1139 2901 qui
1158 2801 1243 2877 inde
1259 2802 1306 2877 ab
1324 2826 1407 2877 am·

260 2934 359 3038 plius
387 2936 543 3038 triginta
572 2935 681 3013 annis
710 2937 817 3010 tanta
842 2934 881 3008 vi
906 2934 1145 3014 decertabant
1169 2938 1267 3014 inter
1292 2962 1331 3012 se
1358 2938 1408 3014 de

261 3068 429 3169 legitimo
460 3097 529 3147 usu
560 3070 662 3147 vocis
691 3083 833 3162 ὁμαούσιος
864 3075 900 3147 ct
928 3073 1027 3146 certe
1052 3072 1178 3147 omnia
1204 3071 1407 3172 diligenter

259 3208 502 3281 excusserunt
515 3230 597 3306 quae
610 3205 650 3310 in
665 3209 861 3306 utramque
875 3208 1019 3306 partem
1034 3204 1160 3281 afferri
1175 3211 1335 3307 possent.
1351 3209 1407 3284 nt

306 3403 344 3452 c.
363 3374 448 3449 Non
467 3374 521 3452 ita
537 3375 734 3476 diligenter
747 3377 873 3453 omnia
889 3381 1130 3454 monumenta
1147 3403 1304 3456 excussa
1320 3406 1405 3459 esse

259 3505 438 3582 habemus
468 3532 513 3583 ex
538 3509 619 3610 ipso
649 3510 746 3587 facto
772 3510 817 3586 de
844 3536 917 3611 quo
941 3536 1039 3587 nunc
1063 3512 1222 3612 agimus,
1251 3513 1403 3593 Etenim

257 3639 353 3716 Acta
371 3640 529 3719 Concilii
547 3646 769 3723 Antiocheni
788 3647 903 3723 missa
922 3648 1070 3724 fuerant
1083 3649 1129 3724 ad
1143 3650 1272 3726 varias
1284 3651 1402 3728 eccle-

256 3771 331 3848 sias
354 3777 391 3849 et
421 3776 615 3876 speciatim
640 3779 687 3855 ad
718 3781 915 3858 ecclesiam
946 3781 1240 3861 Alexandrinam
1270 3789 1321 3884 ().
1351 3787 1404 3865 Et

254 3909 354 3981 certe
382 3911 615 4012 praecipuum
640 3914 829 4015 quoddam
860 3916 1124 3994 documentum
1154 3943 1198 3994 ea
1227 3926 1338 3999 erant
1362 3924 1404 4000 in

252 4043 506 4122 controversia
525 4047 626 4125 circa
642 4049 915 4129 Arianismum.
936 4053 1023 4130 Jam
1040 4077 1130 4129 vero
1148 4053 1402 4151 Athanasius

283 4347 312 4410 (ι)
324 4347 406 4400 Num.
419 4363 500 4414 praec.
840 4371 889 4421 pra
901 4371 964 4423 pag.
977 4360 1033 4409 rto.
1048 4361 1103 4412 not.
1117 4361 1141 4411 3.

282 4437 310 4499 (r)
323 4437 459 4490 ClruEus.
474 4438 509 4492 H.
525 4439 560 4492 E.
573 4442 634 4494 Vll.
648 4445 688 4496 30.
703 4445 750 4496 cit.
766 4459 809 4494 su·
