3132 5140
388 440 506 488 naemu.
531 441 553 488 ι.
576 441 611 488 nn
632 441 738 490 norun.
762 441 929 491 turanum.
1178 435 1237 494 227

94 601 273 706 praeelaro
304 604 485 707 Cypriani
515 606 660 683 nomini
690 611 951 710 aspergeretur
981 613 1019 687 et
1053 635 1099 688 ne
1132 616 1237 692 tanto
1333 667 1336 676 ‚

93 739 245 839 gloriari
263 744 415 842 possent
432 740 600 816 haeretici
618 743 843 844 patrocinio,
863 743 987 844 potius
1006 769 1120 846 quam
1137 747 1236 825 facto

93 875 260 976 diligenti
293 881 331 952 et
363 885 487 954 mente
517 879 748 979 praejudiciis
782 879 901 956 libera
934 859 1242 962 documentorum

93 1008 277 1098 examine,
296 1009 345 1086 ad
363 1035 447 1086 eam
465 1011 679 1113 opinionem
698 1014 995 1116 amplectendam
1008 1018 1236 1098 ferebantur.

92 1144 140 1220 At
158 1143 238 1246 ipse
262 1145 500 1246 Augustinus
519 1146 566 1223 ad
593 1148 761 1226 eamdem
779 1174 854 1226 non
871 1151 1026 1242 accedit,
1046 1153 1242 1256 propterea

94 1279 187 1380 quod
206 1305 277 1357 nec
295 1279 384 1357 ullis
408 1283 642 1383 argumentis
669 1285 889 1362 extrinsecis
911 1283 1149 1378 fulciebatur,
1175 1291 1240 1388 sed

94 1413 328 1491 solummodo
373 1415 526 1493 incertis
571 1417 841 1520 hypothesibus
880 1421 917 1496 et
957 1420 1162 1523 analogiis,
1204 1429 1241 1502 et

93 1547 242 1626 omnino
274 1547 537 1626 revincebatur
560 1535 773 1628 intrincesis
796 1553 846 1651 (1).
875 1551 1007 1653 Itaque
1036 1558 1073 1633 et
1095 1555 1240 1657 prolixe

94 1707 157 1758 nec
179 1682 296 1759 semel
321 1688 544 1783 argumenta
571 1683 711 1762 inillis
738 1685 906 1787 epistolis
936 1692 1110 1768 contenta
1141 1691 1238 1768 refu-

93 1817 187 1894 tavit
217 1821 256 1916 (a)
287 1848 294 1891 :
329 1817 433 1918 quod
458 1819 586 1920 utique
616 1819 785 1898 facturus
812 1820 928 1898 luisse
956 1821 1107 1900 difficile
1136 1825 1238 1901 credi

93 1959 227 2054 posset,
253 1953 286 2030 si
309 1955 406 2032 serio
428 1955 634 2033 dubitasset
656 1958 701 2034 de
724 1981 854 2034 earnm
877 1959 1083 2037 authentia.
1104 1962 1160 2036 Ac
1177 1961 1239 2036 de-

94 2087 204 2189 nique
233 2090 570 2166 Retractationura
591 2088 617 2165 l.
645 2090 696 2168 ll.
724 2115 756 2166 c.
790 2097 833 2168 18
859 2095 897 2190 (a)
919 2091 1060 2194 scripta
1082 2117 1107 2170 a
1128 2118 1167 2170 se
1190 2095 1237 2172 ad

123 2387 150 2450 (r)
161 2410 173 2430 a
183 2387 423 2450 Quamquamnon
433 2387 524 2440 desint
535 2389 583 2452 qui
592 2390 645 2441 hoc
679 2413 691 2433 2,
704 2392 777 2453 quod
787 2396 813 2440 et
828 2391 907 2440 stibis
919 2392 978 2452 eius
994 2393 1073 2443 babet
1089 2399 1239 2456 quamdam

95 2477 286 2542 *cyprianum
310 2491 423 2541 prorsus
447 2491 503 2529 non
525 2478 645 2530 sensisse
680 2501 691 2520 ν
703 2482 1014 2542 propitamfaciempua
1022 2486 1107 2543 possit
1119 2487 1238 2546 apriosci,

94 2567 293 2629 ”contendant
315 2566 363 2616 sed
382 2567 433 2617 sub
454 2569 512 2629 eJus
532 2567 643 2617 nomine
678 2591 690 2611 a
704 2569 732 2618 et
744 2567 865 2630 quodibi
876 2566 964 2631 magis
975 2573 1129 2621 contravos
1144 2572 1240 2622 nostra

94 2677 105 2694 ν
117 2668 133 2704 a
144 2655 392 2719 praesumptoribus
407 2657 490 2718 atque
506 2655 644 2706 mendaci·
680 2677 691 2697 -s
705 2669 790 2706 causa
810 2647 1015 2707 demonstratur
1037 2658 1196 2712 invictior...
1226 2685 1238 2704 κ

94 2747 166 2798 abus
182 2749 269 2798 tuisse
288 2749 445 2798 confictum.
464 2747 561 2810 Neque
573 2747 646 2798 euim
680 2747 778 2811 (Epist.
796 2747 836 2796 93.
852 2745 894 2796 Ad
911 2746 1035 2798 vincent.
1055 2763 1081 2799 n.
1096 2750 1189 2818 38-39).
1207 2782 1240 2790 -

93 2835 155 2887 ⁸‘sic
173 2838 266 2901 potuit
284 2837 432 2902 integritas
448 2838 531 2900 atque
548 2836 646 2887 notitia
678 2836 748 2888 Aliis
774 2837 866 2888 autem
888 2835 959 2887 locis
980 2851 1065 2902 supra
1084 2840 1157 2905 (pag.
1180 2844 1238 2895 225.

92 2923 271 2978 ”litterarum
295 2927 377 2978 unius
405 2927 557 2991 quamlibet
581 2926 644 2976 illu·
681 2925 1238 2991 notrpenattsnugusunustantummodo

93 3016 179 3066 *stris
188 3017 316 3081 episcopi
327 3017 459 3068 custodiri
471 3015 646 3080 quemadmo-
679 3016 759 3078 quasi
774 3017 822 3079 jus
847 3016 1017 3079 exceptionis
1037 3018 1127 3069 obiter
1152 3033 1238 3072 reser-

93 3105 180 3155 -dum
204 3107 352 3170 Scriptura
377 3107 511 3158 canonica
533 3107 572 3157 tot
592 3105 646 3156 lin·
680 3109 733 3155 vat.
748 3105 791 3156 lta
804 3103 907 3156 Contra
922 3104 1045 3156 Crescon.
1059 3106 1078 3156 l.
1093 3107 1131 3157 11.
1149 3122 1175 3159 n.
1189 3111 1246 3162 39:·

93 3215 104 3228 κ
116 3208 231 3258 guarum
252 3196 355 3246 litteris
378 3199 405 3248 et
421 3195 518 3247 ordine
534 3197 562 3244 et
583 3209 644 3246 suc·
680 3217 691 3237 a
706 3194 842 3254 Quamdiu
853 3194 933 3245 aliter
942 3195 1034 3259 sapuit
1043 3195 1238 3261 Cyprianus&

94 3285 241 3336 -cessione
249 3285 445 3337 celebrationis
453 3283 647 3336 ecclesiasticae
682 3305 694 3324 ν
708 3284 811 3347 scripta
829 3284 887 3346 ejus
907 3295 969 3333 esse
986 3284 1095 3334 constat
1113 3297 1172 3346 quo
1188 3301 1239 3351 pro

93 3375 483 3440 *custoditur3contraquam
491 3375 645 3424 tamennon
681 3395 693 3412 a
707 3372 783 3423 vobis
801 3371 967 3435 proterenda
988 3371 1202 3424 arbitramini...
1225 3399 1237 3416 ν

52 3521 54 3528 Ι
93 3483 104 3496 -
116 3461 263 3514 defuerunt
278 3463 327 3526 qui
343 3463 393 3513 sub
406 3463 563 3514 nominibus
579 3476 639 3526 apo·
713 3463 741 3523 tsi
757 3460 837 3510 Locis
850 3460 943 3510 citatis
955 3473 1040 3524 supra
1051 3461 1085 3511 N.
1099 3461 1123 3512 3.

94 3574 104 3586 .
117 3554 251 3605 stolorum
267 3555 355 3604 multa
367 3554 557 3618 contingerent
571 3568 577 3602 :
592 3554 647 3602 iru-
714 3551 747 3618 (a)
757 3572 769 3592 u
781 3551 885 3601 Contra
895 3550 1064 3612 Donatistae,
1074 3553 1238 3606 auctoritate

93 3661 104 3676 ··
116 3644 172 3694 stra
182 3645 308 3708 quidem,
322 3644 387 3706 quia
398 3643 447 3693 illa
459 3643 498 3693 sic
510 3655 647 3693 commen·
683 3664 694 3684 ··
708 3639 860 3691 beatissimi
873 3639 996 3703 episcopi
1009 3641 1037 3689 et
1048 3641 1176 3705 martyris
1188 3643 1239 3708 Cy-

94 3734 189 3794 ·-data,
210 3735 251 3784 sic
272 3733 421 3794 celebrata,
443 3732 483 3783 sic
506 3735 573 3783 nota
593 3735 647 3797 est3
684 3753 695 3772 ν
709 3730 801 3795 priani
820 3743 850 3781 se
868 3728 1015 3780 detondere
1028 3729 1183 3792 molientes,
1197 3747 1239 3785 se-

95 3837 210 3874 arerum
222 3823 292 3887 quid
302 3822 388 3886 possit
397 3822 528 3872 adversus
541 3821 648 3871 litteras
675 3843 695 3867 a
709 3823 783 3884 ptem
802 3819 889 3870 libros
909 3818 943 3867 de
961 3817 1104 3881 Baptismo
1127 3820 1239 3886 scripsi3

94 3935 105 3951 π
119 3927 172 3964 non
183 3914 321 3965 canonica
334 3912 497 3963 auctoritate
509 3910 647 3970 fundatas,
683 3934 694 3954 t·
709 3910 737 3958 in
754 3909 854 3972 quibus
866 3907 950 3958 docui
963 3905 1033 3956 nihil
1045 3907 1085 3957 sic
1097 3907 1186 3959 valere
1204 3912 1239 3961 ad

95 4023 106 4041 *-
118 4004 199 4055 otiam
211 4005 278 4055 hinc
290 4003 487 4054 demonstravit
499 4001 588 4064 impia
600 4013 646 4051 co·
683 4021 694 4042 a
708 3999 873 4050 refellendos
886 3997 1047 4048 Donatistae
1058 3998 1086 4047 et
1096 3998 1132 4048 ad
1144 4011 1239 4051 eorum

95 4113 106 4132 ··
120 4096 198 4145 natus
218 4093 354 4154 audaciae,
375 4093 449 4155 qnod
469 4094 496 4141 et
515 4090 647 4140 adsersus
682 4112 694 4129 a
709 4102 823 4153 prorsus
833 4101 882 4138 ora
891 4086 1054 4148 claudenda,
1065 4100 1099 4135 ne
1109 4088 1239 4140 adversus

96 4199 164 4237 *ess
173 4201 235 4250 quse
248 4185 328 4237 tanta
336 4183 440 4234 notitiae
452 4183 650 4234 moleflrmataa
686 4205 697 4223 a
712 4177 884 4230 catholicam
905 4191 985 4228 suum
1005 4177 1125 4228 schisma
1144 4179 1251 4231 delen.

97 4279 191 4340 -sunt,
201 4291 263 4329 sose
275 4275 385 4340 erigere
394 4287 447 4325 non
459 4271 646 4338 praetermisit.
684 4294 695 4309 ··
710 4270 787 4332 dent,
804 4267 942 4332 quomodo
959 4265 1066 4316 litteras
1083 4265 1239 4330 tactumque

97 4389 108 4402 .
122 4395 152 4404 —
163 4369 222 4420 Nos
236 4369 331 4420 amen
347 4365 462 4416 duasob
475 4375 589 4415 resnou
605 4375 651 4412 ne·
687 4384 698 4400 κ
712 4359 843 4426 Cypriani
854 4381 867 4399 n
882 4355 963 4418 tP.L.
977 4347 1122 4407 tmnxn.
1132 4369 1158 4420 p.
1169 4356 1238 4424 637).

99 4473 219 4523 *gamus
239 4459 310 4510 illud
328 4456 447 4508 sensisse
460 4454 628 4520 cyprianum
645 4469 652 4501 :
