3132 5140
328 410 387 470 118
563 423 634 470 mss.
658 425 685 470 v.
709 425 745 470 on
766 425 905 472 cournov.
928 427 1007 473 cinci
1030 426 1108 472 uuor.
1133 427 1245 474 unum.

327 589 526 667 refutanda
543 589 723 693 Oppriani
741 597 965 692 argumenta
981 597 1263 683 commemorat,
1283 595 1383 672 nulla
1398 595 1454 671 ad·

327 749 458 802 versus
484 724 727 828 epistolarum
752 724 906 803 illarum
930 727 1213 805 attributionem
1242 728 1384 830 adjecta
1404 753 1456 805 ex-

327 859 495 966 ceptione
527 891 535 936 :
568 885 682 962 quam
710 864 837 937 tamen
871 861 941 937 hoo
975 859 1056 937 looo
1087 861 1252 950 maxime
1285 886 1455 964 apponere

327 1001 585 1087 necessumst,
612 998 643 1073 si
662 996 811 1099 quidem
829 995 991 1097 suspicio
1009 995 1190 1072 adversus
1208 1021 1293 1073 eam
1310 998 1455 1074 excitata

328 1136 400 1238 ipsi
417 1159 493 1211 non
509 1132 593 1209 visa
609 1131 741 1208 fuisset
758 1129 870 1207 nimis
888 1128 1024 1206 inanis.

379 1313 443 1397 10.
467 1315 627 1393 Restant
650 1295 873 1410 argumenta
903 1305 1086 1384 nonnulla
1115 1306 1305 1407 negativa,
1337 1306 1455 1408 quibus

328 1451 550 1538 documenta
571 1447 699 1521 nostra
720 1440 914 1543 supposita
930 1439 1179 1517 demonstrari
1192 1441 1352 1542 jactant,
1371 1439 1455 1542 quod

328 1583 469 1662 soilioet
485 1580 775 1657 commemorata
792 1600 866 1651 non
883 1573 1061 1675 leguntur
1081 1599 1105 1650 a
1122 1575 1274 1665 Pontio,
1291 1575 1456 1680 Cypriani

329 1718 498 1804 diacono,
523 1715 587 1817 qui
605 1721 641 1790 et
662 1714 742 1813 ejus
759 1711 879 1787 vitam
896 1709 1095 1810 diligenter
1112 1711 1335 1814 oonsoripsit
1351 1715 1401 1811 (1),
1418 1711 1456 1786 ab

330 1877 517 1955 anonymo
534 1854 687 1928 auctore
706 1849 889 1924 tractatus
909 1851 954 1920 de
971 1847 1250 1942 Beboptirmute
1269 1847 1323 1943 (a),
1342 1869 1366 1922 a
1382 1843 1456 1920 Dio

330 1988 437 2089 nysio
466 1981 722 2062 Alexandrino
747 1983 798 2079 (e),
824 1984 909 2056 eta
938 1979 1071 2080 primis
1102 1979 1309 2055 Donatistis
1339 1981 1390 2078 (r).
1419 2021 1458 2032 —

332 2124 477 2212 Quibus
495 2126 621 2197 tamen
638 2117 869 2220 argumentis
889 2141 965 2194 non
983 2115 1147 2192 difficilis
1166 2116 1294 2193 statim
1311 2111 1458 2192 occurrit

333 2281 535 2361 responsio.

382 2444 438 2527 11.
452 2447 501 2524 Et
514 2445 663 2548 quidem
676 2476 714 2523 o.
725 2443 833 2530 Quod
849 2443 895 2520 ad
909 2443 1090 2520 Pontium
1105 2442 1304 2520 diaconum
1318 2447 1459 2546 spectat,

335 2588 515 2661 “certum
550 2585 606 2658 est
635 2583 689 2680 (ut
719 2583 820 2656 recto
848 2579 904 2657 ait
937 2581 1089 2677 Pauus)
1124 2602 1210 2655 eum
1245 2603 1319 2656 non
1348 2577 1463 2656 omnia

331 2715 514 2819 Cypriani
535 2714 635 2791 facta
664 2713 814 2791 referre.
843 2713 993 2790 Etenim
1023 2737 1104 2816 oap.
1141 2719 1186 2790 10
1216 2695 1407 2815 profitetur
1427 2737 1463 2786 se

329 2849 522 2954 praeterire
539 2854 664 2926 multo
680 2849 760 2925 otio
777 2858 813 2924 ot
830 2849 986 2943 quidem
1002 2872 1149 2944 meque
1166 2849 1219 2945 (5).
1242 2846 1285 2923 Id
1299 2851 1418 2925 autem
1430 2849 1464 2921 et

330 2981 376 3058 de
405 2982 503 3059 faoto
534 2982 614 3084 ipso
644 2980 910 3058 controversiae
935 3004 1070 3056 verum
1103 2985 1222 3057 estet
1251 2979 1465 3082 descriptis

332 3113 526 3217 Cypriani.
549 3114 698 3192 Etenim
716 3115 857 3191 omittit
874 3138 1166 3192 commemorare
1184 3114 1366 3217 Cypriani
1383 3139 1465 3192 non·

332 3252 456 3330 nullas
490 3251 665 3355 epistolas
690 3253 840 3355 absque
873 3252 952 3329 ulla
986 3253 1242 3330 controversia
1275 3254 1463 3355 genuinas.

333 3387 436 3465 Talis
454 3394 510 3465 est
527 3387 698 3490 epistola,
719 3387 758 3462 in
776 3412 850 3489 qua
868 3387 1082 3492 Cyprianus
1099 3388 1180 3488 agit
1192 3387 1236 3464 de
1249 3387 1466 3492 presbyteris

332 3520 506 3598 factionis
532 3519 768 3610 Felicissimi,
798 3521 916 3622 deque
939 3521 985 3597 iis
1009 3546 1093 3622 quea
1114 3525 1246 3599 eontra
1267 3522 1467 3625 ipsumoo-

332 3657 410 3734 nati
437 3661 562 3744 erant;
594 3655 681 3732 talis
707 3655 846 3733 illaad
876 3655 1146 3744 Antonianum,
1172 3679 1216 3731 ea
1240 3655 1285 3731 de
1310 3651 1467 3733 Cornelii

333 3786 577 3876 confessione,
601 3787 689 3865 item
706 3788 754 3866 ad
779 3789 953 3879 Lucium,
976 3789 1016 3864 in
1039 3811 1115 3889 qua
1137 3788 1182 3864 de
1199 3789 1280 3890 ejus
1298 3790 1347 3867 ab
1364 3786 1467 3867 exilio

365 4073 394 4136 (li
407 4070 505 4121 lnsort.
520 4067 551 4119 P.
565 4068 596 4119 L.
610 4070 629 4118 t.
642 4067 691 4120 111.
702 4083 729 4134 p.
745 4071 815 4120 1181.
915 4071 1008 4121 monta
1025 4071 1121 4122 nostra
1139 4083 1156 4120 a
1176 4069 1330 4132 Donatistis
1351 4067 1467 4122 coniecto

365 4162 395 4226 (a)
409 4159 478 4211 lbid.
492 4173 518 4223 p.
534 4159 604 4210 1183.
916 4160 1001 4212 irrisae
1015 4163 1175 4226 supponunt
1183 4163 1247 4212 anto
1254 4160 1358 4212 exitum
1368 4155 1466 4211 sean.

366 4255 396 4318 (a)
414 4251 465 4315 Ap.
487 4235 588 4301 Eusro.
609 4250 657 4301 lib.
676 4249 728 4301 Vll
747 4250 809 4314 (Cit.
830 4239 884 4313 Ap·
919 4251 1029 4312 quando
1052 4251 1253 4314 Hieronymum
1277 4249 1311 4299 iis
1332 4251 1467 4314 deceptum

338 4347 418 4416 pend.
432 4361 495 4416 pag.
508 4341 606 4410 1149).
919 4348 1045 4397 asserant
1056 4345 1122 4412 (Cir.
1136 4358 1222 4409 supra
1232 4343 1266 4396 N.
1279 4346 1315 4406 5).

366 4445 396 4506 (oi
415 4442 437 4492 Α
459 4437 566 4504 primis,
579 4438 690 4501 inquam
708 4454 715 4488 :
733 4451 796 4489 uam
809 4437 892 4490 (10ου-
958 4438 989 4501 (s)
1001 4437 1032 4487 P.
1046 4437 1077 4488 L.
1091 4439 1110 4488 t.
1125 4435 1174 4487 111.
1188 4449 1214 4500 p.
1231 4435 1301 4488 1190.
