3208 5150
372 447 429 495 mr.
450 450 480 522 u.
502 448 579 504 onor
600 446 689 492 suros
709 446 813 494 rursus
836 447 919 492 noun
941 445 1068 492 sennan.
1251 433 1288 490 511

137 609 198 685 ad
231 612 264 688 J
265 613 373 692 udaeos
390 617 439 714 (1),
459 618 657 717 postquam
677 637 743 715 per
766 637 920 690 annum
938 623 1060 688 totum
1078 614 1287 690 conversati

135 743 305 824 fuerant
324 748 527 826 Antioohiae
551 749 609 846 (2);
629 747 774 824 Paulus
799 750 925 824 autem
948 747 1189 824 Antiochiam
1213 772 1287 823 non

138 881 266 959 venit
286 885 350 961 nisi
367 889 450 988 post
467 889 542 963 tres
561 908 678 961 annos
695 909 718 960 a
735 909 805 962 sua
822 885 1068 963 conversione
1085 886 1135 982 (3).
1157 884 1288 985 ltaque

138 1016 434 1116 quadriennium
477 1018 610 1096 saltem
653 1019 825 1096 interfuit
868 1019 966 1095 inter
1006 1017 1286 1095 conversionem

134 1149 267 1227 Pauli
286 1157 320 1230 et
335 1155 439 1232 Petri
462 1153 718 1255 captivitatem
740 1183 747 1228 ε
769 1177 853 1255 quae
876 1178 961 1230 eum
980 1152 1177 1254 eontigerit
1198 1155 1285 1228 ante

132 1307 211 1360 an.
236 1293 282 1364 44
302 1312 371 1389 quo
392 1287 483 1364 obiit
508 1287 691 1376 Herodes,
718 1293 817 1365 certe
846 1290 932 1364 ante
961 1311 1023 1363 an.
1056 1293 1104 1364 40
1127 1284 1284 1388 apostoli

133 1417 416 1524 Hierosolymis
445 1425 691 1498 excesserant.

194 1608 259 1692 111.
272 1614 328 1690 Ad
342 1615 435 1715 Arg.
447 1614 516 1690 Ill.
526 1614 575 1692 R..
586 1613 804 1690 Lactantius
820 1610 889 1710 (vel
904 1611 1072 1713 quisquis
1085 1615 1141 1688 est
1153 1614 1284 1688 auctor

141 1748 237 1824 libri
256 1755 311 1824 De
328 1751 515 1826 mortibus
531 1750 834 1847 persecutorum)
855 1747 1020 1824 affirmat
1045 1747 1193 1848 quidem
1212 1749 1281 1823 Pe-

130 1888 243 1960 trum
270 1885 417 1960 venisse
446 1885 609 1963 Romam
635 1909 719 1960 cum
738 1883 821 1984 jam
847 1884 947 1960 Nero
970 1883 1182 1984 imperaret,
1208 1905 1282 1957 non

131 2023 255 2119 negat
272 2024 397 2096 tamen
415 2019 538 2121 ipsum
555 2021 665 2096 antea
683 2018 756 2094 huo
773 2017 932 2094 venisse.
962 2016 1041 2096 Cur
1063 2020 1281 2094 autemnon

129 2154 317 2254 loquatur
341 2154 527 2256 deprimo
549 2155 629 2254 ejus
653 2152 744 2228 illue
762 2151 908 2241 itinere,
930 2150 1041 2228 facile
1060 2151 1156 2229 ratio
1175 2151 1279 2228 reddi

127 2292 269 2391 potest.
298 2290 411 2378 Nam,
438 2293 482 2366 ut
510 2289 588 2391 ipse
611 2287 745 2366 titulus
767 2290 848 2389 ejus
873 2289 996 2391 operis
1018 2289 1170 2378 indicat,
1195 2315 1278 2392 pro·

126 2421 261 2526 posuit
278 2422 349 2499 sibi
367 2422 507 2499 referre
524 2423 665 2510 seelera
681 2427 717 2499 et
735 2422 927 2499 funestum
945 2421 1102 2500 exitium
1125 2421 1277 2500 illorum

126 2561 405 2660 imperatorum
439 2558 502 2659 qui
536 2557 730 2636 ecclesiam
771 2557 913 2636 Christi
954 2557 1138 2659 persecuti
1172 2565 1272 2637 sunt.

126 2695 233 2772 Cum
262 2693 380 2793 igitur
409 2693 542 2770 horum
574 2692 717 2794 primus
752 2691 866 2768 fuerit
897 2693 1011 2779 Nero,
1046 2693 1090 2767 de
1124 2716 1166 2768 66
1195 2693 1276 2794 agit

125 2827 295 2928 scriptor
323 2826 475 2904 exordio
502 2827 559 2903 sui
585 2826 670 2902 libri
693 2829 731 2904 et
754 2826 860 2928 quasi
886 2821 1171 2904 introductionis
1193 2828 1274 2909 loco

126 2965 250 3042 verba
279 2963 317 3039 in
352 2969 573 3064 argumento
608 2964 724 3040 citata
753 2963 950 3064 praemittit
983 2962 1114 3039 :nihil
1148 2970 1274 3064 autem

131 3103 258 3203 ipsum
291 3099 446 3200 cogebat
475 3103 517 3175 ut
547 3099 685 3174 dioeret
714 3096 773 3172 vel
804 3098 919 3196 etiam
950 3097 1155 3199 inquireret
1184 3125 1274 3178 num

130 3237 272 3314 Petrus
290 3236 377 3310 ante
395 3233 555 3309 Neronis
572 3236 740 3333 tempora
759 3231 921 3309 Romam
939 3233 1095 3309 venerit.

187 3433 307 3515 11111
331 3436 412 3512 haeo
436 3435 625 3538 responsio
643 3435 857 3511 confirmari
879 3439 1001 3537 potest
1021 3461 1067 3512 ex
1091 3436 1170 3537 ipso
1191 3436 1272 3514 loeo

134 3570 243 3649 Lidm'
266 3572 504 3664 Pontideodis
533 3571 596 3647 ubi
619 3571 756 3647 Petrus
783 3569 945 3648 Romam
967 3571 1113 3648 venisse
1136 3572 1273 3650 dieitur

139 3743 156 3772 a
175 3704 317 3780 Nerone
331 3703 495 3792 Oaesare‚
514 3741 529 3770 n
547 3729 662 3806 quum
677 3685 817 3780 seilicet
830 3704 957 3782 eodem
971 3703 1051 3781 loeo
1065 3705 1162 3781 idem
1175 3730 1272 3782 asse

138 3843 240 3920 ratur
256 3838 419 3941 amplius
436 3837 571 3940 viginti
591 3838 753 3940 quinque
774 3863 891 3916 annos
911 3839 1045 3916 Romre
1063 3838 1200 3915 sedisse
1218 3842 1267 3938 (r).

171 4177 198 4239 (q
209 4185 243 4224 xi.
256 4172 385 4223 306116.
402 4170 424 4220 1.
722 4171 839 4223 Romam
855 4171 906 4221 sub
924 4168 1034 4221 Nerone
1052 4169 1166 4232 casare,
1178 4169 1271 4232 ibique

171 4263 293 4330 (111126.
720 4260 791 4311 sedit
812 4258 972 4312 cathedram
993 4256 1166 4320 episcopatus
1186 4271 1271 4308 annos

171 4361 196 4422 161
207 4357 264 4411 Gal.
278 4369 295 4408 ι.
312 4355 399 4405 17-21.
721 4352 816 4418 viginti
829 4353 980 4416 quinque...
994 4371 1006 4392 n
1017 4349 1049 4399 P.
1060 4349 1091 4400 L.
1104 4351 1123 4400 t.
1136 4349 1269 4402 CXXVII.

173 4451 218 4514 (qu
229 4447 278 4498 Η16
288 4445 392 4497 Petrus
402 4443 544 4508 ingressus
554 4441 581 4518 16
592 4445 687 4494 urbem
721 4457 747 4506 p.
762 4443 833 4494 1003.
