3154 5134
305 445 324 502 ll
559 529 565 542 .
784 455 902 506 inraso.
926 449 967 502 Δ.

306 628 515 696 conscriptum
528 631 558 682 et
576 641 596 682 a
610 623 707 682 Petro
723 627 836 682 lectum
849 631 945 695 alque
965 627 1172 694 approbatum
1186 641 1260 698 csse,
1275 631 1322 684 sic
1329 631 1449 699 percit
1463 649 1473 684 .·

308 746 322 769 α
338 723 479 778 Refertur
491 722 520 778 id
534 737 552 777 a
565 721 714 778 clemente
728 721 973 794 [Alexandrino]
988 723 1018 777 in
1032 723 1119 778 sento
1135 723 1359 780 Institutionum
1376 725 1469 782 libro.

307 819 359 874 Cui
373 819 457 874 testis
471 819 560 874 etiam
573 818 687 875 accedit
700 819 806 888 Papias
820 819 1060 889 Hierapolitanos
1072 821 1238 890 episcopus.
1255 824 1352 876 Porro
1367 823 1469 878 Marci

306 915 487 971 mentionem
506 916 570 971 lieri
583 915 668 971 aiunt
680 931 698 970 a
711 917 801 972 Petro
816 915 846 971 in
865 917 966 987 priore
980 917 1122 986 Epistola,
1143 932 1232 987 quam
1245 920 1349 974 Romae
1369 919 1468 989 scrip-

305 1013 446 1067 tamesae
465 1011 658 1078 contendunt,
675 1011 763 1082 idque
777 1014 899 1068 Petrum
917 1014 1015 1082 ipsum
1032 1013 1167 1082 innuere,
1182 1013 1234 1082 qni
1246 1014 1374 1068 Romam
1389 1013 1468 1083 ligu-

305 1108 370 1164 rate
393 1108 573 1178 Babylonem
592 1109 722 1179 appellat
743 1108 789 1165 his
811 1108 938 1164 verbis:
961 1108 1078 1165 Salutat
1100 1123 1154 1164 vos
1176 1109 1335 1179 Babylonis
1359 1110 1466 1166 Eccle-

305 1205 382 1262 sia...
406 1231 420 1253 n
442 1205 479 1278 (ι)
662 1217 665 1224 ’

350 1353 391 1418 3.
414 1365 581 1420 Dronrsrus
595 1365 783 1419 Conrnrruus
797 1365 956 1432 episcopus
969 1365 1003 1417 in
1016 1361 1166 1433 Epistola
1178 1367 1221 1420 ad
1232 1365 1393 1423 Romanos
1404 1383 1464 1425 seu

304 1463 347 1516 ad
364 1457 506 1544 Soteron
525 1458 564 1515 R.
584 1457 624 1514 P.
638 1459 818 1528 frapmenio
836 1461 934 1514 citato
951 1473 1002 1528 ap.
1017 1457 1127 1515 lineet.
1148 1459 1190 1517 H.
1205 1461 1242 1517 Ε.
1264 1465 1298 1520 ll.
1320 1465 1367 1520 25.
1384 1488 1399 1510 ι
1415 1467 1464 1522 lta

304 1557 334 1612 et
347 1571 400 1612 vos
410 1556 495 1612 tanta
507 1555 707 1611 admonitione
720 1557 822 1612 vestra
834 1555 1008 1621 sementem,
1020 1568 1086 1624 quaa
1100 1557 1181 1612 Petri
1195 1571 1231 1613 ac
1244 1559 1330 1614 Pauli
1342 1560 1463 1616 satione

303 1655 510 1722 succreverat,
537 1657 685 1710 Romanos
708 1653 821 1710 seilicet
842 1653 873 1709 et
901 1652 1083 1722 Corinthios,
1104 1653 1193 1710 simul
1216 1657 1460 1713 commiscuistis».

302 1751 396 1807 Ambo
414 1752 493 1807 enim
513 1752 557 1807 illi
574 1753 605 1807 in
623 1752 727 1807 urbem
749 1751 881 1807 nostram
902 1751 1076 1806 corinthum
1090 1744 1225 1821 ingressi,
1240 1767 1344 1822 sparso
1365 1757 1464 1809 Eran-

302 1848 405 1917 gelicae
424 1848 568 1906 doetrinae
582 1849 693 1905 semine
706 1863 760 1905 nos
773 1849 983 1915 instituerunt;
999 1849 1029 1904 et
1042 1849 1073 1903 in
1087 1849 1204 1904 ltaliam
1217 1851 1305 1906 simul
1320 1851 1461 1921 proiecti,

302 1959 370 2001 cum
391 1960 446 2002 vos
465 1947 603 2003 similiter
621 1945 830 2014 instituissent,
851 1945 955 2000 eodem
973 1945 1109 2016 tempore
1130 1945 1309 2016 martyrium
1328 1947 1462 2017 pertule-

301 2043 382 2098 runt.
400 2066 414 2089 n
429 2041 463 2114 (a)

345 2203 392 2267 4.
408 2215 553 2269 insulsus
567 2213 693 2272 milda.
707 2217 793 2270 llaec.
811 2217 857 2270 lll.
877 2215 901 2270 l.
925 2212 1110 2269 “Mattheus
1128 2215 1158 2268 in
1173 2214 1304 2271 Hebraeis
1322 2215 1461 2286 ipsorum

306 2317 409 2388 lingua
422 2316 605 2387 scripturam
614 2312 707 2369 edidit
717 2295 880 2381 Evangelii,
892 2325 960 2366 eum
971 2311 1078 2366 Petrus
1092 2313 1122 2367 et
1134 2312 1246 2368 Paulus
1256 2314 1359 2368 Romae
1368 2327 1461 2370 evan·

300 2413 461 2485 gellzarent
480 2413 511 2468 et
529 2411 689 2468 fundarent
702 2410 874 2466 Ecclesiam.
892 2432 906 2456 n
923 2439 955 2448 -
969 2414 1002 2469 o.
1015 2405 1094 2465 laia.
1112 2411 1159 2464 111.
1171 2411 1199 2466 3.
1219 2410 1461 2480 «sedquoniam

301 2514 387 2570 valde
398 2513 518 2582 longum
528 2510 574 2566 est
584 2510 614 2564 in
624 2508 680 2564 hoc
692 2509 746 2564 tall
756 2509 907 2564 volumine
921 2509 1054 2564 omnium
1063 2508 1264 2564 Ecclesiarum
1277 2524 1461 2566 enumerare

300 2610 512 2674 successiones,
528 2607 667 2662 maxlmae
684 2605 948 2674 etantiquissimac,
963 2606 993 2661 et
1015 2605 1151 2662 omnibus
1164 2607 1301 2676 cognitae,
1316 2607 1460 2677 aglorio-

300 2707 425 2764 sissimis
438 2705 553 2762 duobus
566 2703 708 2773 apostolis
722 2703 811 2758 Petro
825 2707 855 2758 et
869 2703 963 2759 Paulo
983 2705 1085 2760 Romae
1097 2703 1228 2759 fundatae
1241 2705 1271 2759 et
1283 2705 1459 2761 constitutae

301 2802 451 2868 Ecclesiae,
465 2815 531 2856 eam
543 2814 639 2869 ‚quam
657 2800 747 2856 habet
765 2799 803 2855 ab
821 2799 966 2870 apostolis
985 2799 1177 2855 traditionem
1196 2800 1227 2856 et
1248 2801 1458 2857 annuntiatam

300 2902 468 2958 hominibus
489 2901 587 2967 tidem,
606 2914 660 2970 per
673 2900 876 2955 successiones
893 2899 1100 2969 episcoporum
1117 2900 1341 2969 pervenientem
1361 2915 1459 2970 usqua

300 3001 337 3056 ad
351 3015 405 3056 nos
418 2999 592 3065 indicantes,
608 2997 815 3053 confundimus
831 3011 934 3051 omnes
954 3010 1004 3051 eos
1025 2997 1074 3065 qui
1089 3009 1207 3065 quoquo
1219 2993 1318 3061 modo,
1339 2997 1388 3050 rel
1402 3011 1460 3066 per

300 3098 355 3154 sibi
375 3098 531 3168 placentia,
555 3096 602 3152 vel
620 3111 674 3166 por
691 3109 799 3150 venam
817 3093 955 3163 gloriam,
975 3093 1022 3148 vel
1041 3107 1095 3163 per
1112 3093 1277 3149 caecitatem
1296 3093 1326 3148 et
1343 3092 1457 3149 malam

300 3195 488 3262 sententiam,
503 3195 614 3264 praeter
632 3206 721 3262 quam
740 3191 858 3261 oportet
875 3190 1027 3260 colligunt.
1043 3188 1086 3244 Ad
1104 3188 1180 3244 hanc
1198 3189 1276 3244 enim
1291 3188 1457 3244 Ecclesiam

299 3293 422 3360 propter
439 3291 638 3361 potentiorem
652 3288 706 3360 [ai.
721 3285 877 3359 potiorem]
892 3286 1141 3357 principalitatem
1154 3299 1274 3342 necesse
1287 3283 1335 3339 est
1347 3294 1458 3340 convc-

300 3388 364 3444 nire
378 3403 497 3444 omnem
518 3387 690 3454 Ecclesiam,
712 3385 768 3442 hoc
782 3387 837 3452 est,
852 3395 903 3440 eos
917 3384 966 3454 qui
980 3382 1050 3440 sunt
1062 3382 1202 3452 undique,
1216 3382 1247 3437 in
1264 3396 1323 3452 qua
1336 3395 1459 3452 semper

300 3487 338 3543 ab
352 3487 398 3542 his
409 3487 459 3558 qui
474 3487 544 3543 sunt
557 3487 686 3556 undique
696 3484 873 3541 conservata
883 3484 928 3540 est
938 3467 1049 3552 eaquae
1059 3482 1105 3538 est
1117 3481 1154 3536 ab
1164 3479 1306 3551 apostolis
1318 3477 1454 3534 traditio.

300 3586 470 3642 Fundantes
483 3586 575 3655 igitur
588 3587 618 3641 et
630 3584 811 3641 instruentes
830 3581 909 3637 beati
921 3580 1047 3650 apostoli
1066 3578 1238 3644 Ecclesiam,
1258 3577 1330 3632 Lino
1343 3575 1458 3645 episco-

299 3683 401 3754 patum
413 3681 655 3739 administrandae
669 3680 808 3737 Ecclesiae
817 3669 1015 3735 tradiderunt.
1031 3701 1044 3725 n
1056 3675 1091 3748 (a)

344 3840 386 3906 5.
401 3851 544 3905 cremans
557 3851 811 3912 Anaxnnoanuua
829 3849 866 3901 de
885 3860 944 3912 qiua
957 3841 1109 3900 Eusebius
1125 3841 1166 3900 H.
1181 3842 1218 3899 Ε.
1237 3845 1283 3900 Vl.
1303 3845 1354 3901 la·
1366 3868 1379 3890 u
1397 3845 1456 3901 Sed

299 3950 369 4007 etin
383 3947 486 4004 lisdem
509 3944 593 3999 libris
611 3939 860 4014 [hypotyposeon]
876 3941 1008 3996 Clemens
1026 3939 1219 3995 traditionem
1237 3939 1399 4010 quamdam
1418 3943 1457 3999 de

300 4049 403 4106 ordine
424 4045 664 4114 Evangollorum,
685 4057 774 4113 quam
796 4056 815 4096 a
836 4039 1048 4097 vetustioribus
1074 4039 1255 4109 presbyteris
1283 4045 1456 4112 acceperat,

298 4148 393 4203 refert
411 4145 441 4199 in
458 4144 537 4200 hunc
557 4142 688 4198 modum.
711 4139 831 4196 Dicebat
847 4153 885 4194 ex
902 4139 1062 4208 Evangelio
1079 4140 1161 4208 prius
1184 4141 1295 4209 scripta
1314 4155 1381 4197 esse
1403 4143 1458 4198 iila

326 4438 353 4492 (1)
365 4435 393 4482 P.
407 4435 437 4481 G.
450 4437 468 4481 t.
481 4433 536 4480 XX.
550 4445 574 4490 p.
590 4436 637 4478 l'il.
682 4433 709 4489 (2)
720 4432 750 4480 P.
763 4431 793 4478 G.
806 4435 824 4478 t.
834 4433 889 4479 XX.
902 4443 927 4488 p.
940 4433 990 4478 210.
1029 4431 1059 4487 (³)
1070 4431 1099 4478 P.
1112 4431 1142 4478 G.
1155 4435 1173 4478 i.
1185 4429 1244 4479 Vll.
1254 4441 1296 4488 pp.
1309 4435 1363 4490 8⁴4,
1373 4435 1425 4480 8⁴8.
