3154 5134
351 423 410 482 296
500 431 502 436 ·
728 433 799 480 mss.
822 435 861 480 n.
883 433 919 478 nn
940 431 1113 480 nnrmnom

349 589 434 665 inde
457 589 545 690 jure
572 587 818 665 concludatur
841 585 935 663 illud
960 584 1220 688 apocryphum
1251 609 1333 662 esse
1367 588 1415 662 ct
1449 583 1512 660 vel

350 745 417 823 per
438 719 609 798 fraudem
629 722 676 799 ab
698 721 911 824 Ancyranis
931 721 1111 798 Patribus
1131 721 1335 798 confictum
1365 721 1439 798 vel
1459 721 1516 796 ni·

350 854 421 932 mis
437 853 571 934 leviter
587 855 804 933 admissum.
825 857 925 934 Nam
938 855 1101 958 episcopi
1117 855 1146 930 ii
1164 880 1231 932 nec
1248 855 1425 957 improbi
1444 859 1515 932 aut

332 989 491 1105 'indocti
523 991 638 1091 fuisse
671 991 884 1068 referuntur
913 993 968 1090 (1),
991 994 1037 1070 et
1052 1009 1128 1067 non
1148 990 1203 1068 ita
1230 980 1393 1067 difficile
1420 1013 1514 1066 cum

353 1144 490 1223 magno
513 1148 581 1201 suo
606 1123 753 1226 pudore.
767 1123 909 1202 fraudis
927 1123 1099 1200 convinci
1117 1124 1340 1226 potuissent,
1365 1148 1512 1226 quum,

352 1257 395 1331 ut
423 1281 522 1358 saepe
544 1258 770 1347 monuimus,
801 1257 898 1336 Acta
927 1257 1068 1360 Synodi
1101 1257 1348 1336 Antiochense
1383 1256 1512 1333 missa

354 1387 512 1468 fuissent
527 1392 573 1468 ad
591 1393 718 1470 varias
735 1392 909 1470 ecclesias
927 1396 938 1492 l
955 1396 979 1490 ).

404 1564 460 1648 17.
472 1574 512 1646 2⁰
527 1571 551 1648 J
553 1595 615 1648 am
627 1572 726 1673 quod
743 1571 878 1649 attinet
893 1571 941 1649 ad
958 1569 1173 1648 testimonia
1188 1568 1413 1657 Athanasii,
1437 1568 1509 1644 Hi-

353 1697 440 1776 larii
473 1708 511 1778 et
544 1703 697 1795 Basilii,
733 1729 817 1806 quae
850 1704 995 1782 nullam
1028 1704 1107 1782 rim
1140 1703 1279 1780 habere
1317 1702 1512 1780 dicuntur

355 1838 552 1936 propterca
567 1837 665 1939 quod
688 1839 823 1916 Patres
841 1837 898 1915 illi
919 1838 1068 1915 nonnisi
1086 1862 1132 1914 ex
1154 1835 1335 1913 relatione
1353 1836 1508 1938 Synodi

354 1964 565 2068 Ancyranae
586 1993 631 2046 ea
653 1969 890 2072 protulerint,
915 1971 1011 2049 Acta
1034 1951 1159 2050 autem
1176 1970 1421 2049 Antiocheno
1439 1994 1507 2072 per

356 2130 396 2182 se
412 2105 512 2209 ipsos
530 2133 604 2185 non
621 2109 797 2200 viderint,
1114 2214 1116 2218 Ι

401 2272 439 2320 a.
469 2241 514 2317 In
543 2242 674 2344 primis
704 2245 843 2321 mirum
868 2249 1036 2348 apparet,
1064 2270 1111 2322 ex
1140 2270 1216 2326 una
1244 2249 1353 2348 parte
1380 2243 1504 2324 asseri

355 2374 452 2451 Acta
480 2375 715 2456 Antiocheno
739 2381 829 2456 tunc
857 2379 1036 2481 temporis
1062 2379 1100 2455 in
1127 2379 1296 2456 omnium
1320 2376 1501 2454 manibus

253 2585 255 2588 ,
354 2507 482 2598 fuisse,
508 2534 554 2587 ex
575 2509 695 2589 altera
717 2511 777 2588 his
798 2511 978 2590 Patribus
1002 2537 1077 2589 non
1100 2511 1247 2590 venisse
1270 2489 1310 2586 in
1329 2513 1499 2586 mentem

353 2646 397 2720 ut
412 2667 457 2720 ca
473 2644 708 2724 consulerent
723 2650 761 2724 et
776 2645 942 2724 dicerent
953 2647 1136 2747 objectam
1149 2641 1499 2720 condemnationem

355 2775 395 2851 in
412 2775 458 2852 iis
476 2802 551 2855 non
568 2778 735 2880 reperiri.

367 3013 368 3018 Ν
401 2925 436 2990 o.
453 2910 547 2988 Haec
564 2910 755 3014 responsio
772 2910 920 2989 admitti
937 2910 1087 3013 quidem
1105 2912 1226 3012 potest
1248 2908 1372 3010 quoad
1395 2906 1495 2984 testi-

355 3044 523 3121 monium
558 3045 775 3135 Athanasii;
811 3049 852 3122 at
884 3044 1035 3122 omnino
1056 3044 1244 3145 ¹gratuita
1283 3047 1340 3120 est
1374 3038 1495 3144 quoad

354 3178 567 3256 testimonia
590 3179 730 3256 Hilarii
753 3183 790 3257 et
813 3179 959 3256 Basilii.
986 3180 1066 3256 Imo
1092 3179 1132 3255 in
1150 3179 1221 3256 hoc
1239 3178 1374 3257 ultimo
1392 3173 1495 3253 nulla

352 3315 504 3393 omnino
533 3317 671 3394 mentio
687 3315 855 3394 'habetur
889 3315 1031 3419 Synodi
1060 3317 1277 3418 Ancyranae
1310 3319 1349 3393 et
1382 3313 1493 3390 rerba

355 3449 568 3552 hujusmodi
592 3454 680 3528 sunt
701 3455 745 3528 ut
767 3451 979 3552 significare
1000 3451 1174 3528 videatur
1198 3449 1367 3527 Basilius
1385 3473 1437 3534 se,
1456 3469 1493 3519 rc

351 3585 565 3663 examinata
589 3590 626 3664 et
650 3592 852 3689 comperta,
883 3587 1083 3664 veritatem
1114 3585 1343 3663 definitionis
1370 3581 1492 3662 Antio

354 3718 483 3796 chenae
500 3717 696 3798 admittere
716 3751 723 3797 :
748 3756 765 3787 a
784 3727 891 3799 Nom
903 3749 945 3798 re
962 3747 1052 3800 cero
1069 3722 1208 3821 (uiti...
1231 3723 1281 3820 (a).
1306 3756 1322 3785 n

408 3883 465 3967 18.
498 3889 629 3990 Neque
666 3889 826 3991 alicujus
867 3890 1043 3968 momenti
1077 3889 1230 3967 videtur
1263 3885 1487 3967 confirmatio

355 4045 467 4123 quum
490 4023 619 4123 adjicit
642 4023 839 4113 Maranns‚
860 4023 1041 4101 nimirum
1064 4029 1141 4101 tres
1160 4022 1245 4101 illos
1269 4025 1404 4101 Patres
1420 4041 1487 4096 non

385 4235 414 4300 (ι)
424 4235 478 4287 Csr.
487 4235 571 4288 citata
579 4249 663 4301 supra
674 4249 735 4302 pag.
744 4238 801 4288 ΥΠ.
814 4238 869 4289 not.
883 4238 905 4290 l.
940 4237 975 4289 N.
989 4241 1013 4290 5.

384 4327 415 4396 (nl
438 4331 496 4383 Imo
519 4331 649 4384 Maranus
675 4345 708 4383 aa
729 4332 759 4384 in
780 4331 905 4384 omnium
948 4376 951 4382 .
971 4333 1002 4399 (a)
1012 4333 1044 4385 V.
1058 4333 1182 4399 append.
1195 4348 1257 4400 pag.
1269 4329 1317 4387 82.

353 4425 478 4477 manibus
495 4424 580 4476 luisse
596 4425 723 4477 affirmat.
742 4424 804 4478 Vid.
823 4437 907 4490 supra
