3154 5134
383 409 442 472 302
681 425 748 473 nss
774 427 822 474 vn.
844 423 881 476 ou
902 430 1077 478 cumrorsn
1101 431 1147 478 nn.
1174 431 1219 478 rr.

381 593 443 668 ubi
461 591 493 668 is
507 593 669 688 quintus
681 597 763 694 post
779 593 966 696 apostolos
985 597 1122 674 sedisse
1140 597 1278 674 dicitur
1295 601 1345 697 (1).
1367 573 1524 680 osb-lar·
1571 578 1572 602 Ν

380 719 651 827 tyrologiorum
681 727 1075 831 Hieronymianorum,
1100 733 1163 808 ubi
1188 730 1290 809 solus
1313 733 1445 812 Oletus
1466 734 1524 810 vel

379 859 581 938 Anacletus
599 863 785 940 indicatur
803 867 853 963 (a).

430 1037 468 1120 4
499 1043 592 1118 Haec
621 1046 704 1143 post
688 1043 803 1119 terior
830 1046 1013 1136 sententia
1038 1045 1147 1147 longe
1173 1047 1457 1147 probabilior,
1447 1073 1572 1140 nno

378 1178 480 1251 certa
512 1175 675 1263 videtur,
711 1177 847 1278 quippe
880 1205 963 1280 quae
998 1183 1259 1283 comprobetur
1292 1184 1572 1288 testimoniis}

376 1289 601 1410 scriptorum
625 1314 706 1387 tum
731 1312 1079 1404 occidentalium&
1062 1320 1143 1392 tum
1167 1315 1425 1404 orientalium,
1454 1343 1522 1392 nu-

375 1469 490 1532 mera,
522 1469 570 1520 an
572 1444 684 1546 tiquit
668 1449 802 1522 tateet
824 1471 894 1523 auo
896 1447 1048 1525 toritate
1071 1445 1181 1550 longe
1209 1449 1572 1551 praestantiorum

374 1580 420 1656 iis
438 1581 501 1682 qui
519 1606 586 1683 pro
604 1581 721 1683 priori
739 1583 922 1659 sententia
939 1583 1160 1660 afferuntur.
1184 1583 1235 1658 Hi
1254 1607 1388 1684 nempe
1407 1583 1521 1659 redu·

372 1718 508 1791 cuntur
537 1715 584 1792 ad
618 1720 808 1793 auctorem
841 1717 1011 1818 ignotum
1045 1719 1109 1819 qui
1144 1742 1294 1794 carmen
1332 1717 1521 1794 adversus
1571 1689 1572 1760 A

372 1850 617 1938 Marcionem,
647 1857 684 1926 et
716 1850 876 1927 alterum
915 1853 1029 1928 etiam
1063 1853 1234 1954 ignotum
1269 1852 1333 1953 qui
1363 1851 1520 1929 Catala-

371 2008 461 2085 gum
483 1984 723 2062 Liberianum
748 1987 968 2089 conscripsit
999 2018 1006 2062 :
1033 2012 1079 2064 ex
1104 1987 1174 2063 hoc
1204 1987 1302 2064 enim
1321 1986 1518 2064 derivatas
1571 2025 1572 2052 1

371 2143 451 2194 esse
468 2118 726 2222 inscriptiones
743 2120 908 2197 basilicae
926 2120 1113 2212 Paulinae,
1134 2121 1232 2198 sicut
1244 2124 1281 2197 et
1296 2121 1519 2198 testimonia

317 2334 323 2346 ,
371 2255 475 2330 Libri
500 2253 746 2343 PontificaliS,
771 2253 1033 2356 martyrologii
1055 2256 1163 2356 parvi
1184 2254 1348 2333 Romani
1367 2257 1405 2330 et
1424 2255 1518 2331 alio-

368 2415 454 2466 rum
490 2388 693 2467 latinorum
726 2391 993 2491 posteriorum,
1036 2391 1128 2467 satis
1162 2390 1403 2467 manifestum
1443 2395 1513 2466 est.

368 2523 548 2625 Oatalogo
583 2529 709 2600 autem
739 2524 937 2600 Liberiano
967 2525 1007 2600 in
1037 2525 1108 2601 hac
1131 2527 1267 2621 primo
1300 2547 1371 2598 sua
1392 2536 1516 2619 porte

365 2657 531 2734 exhiberi
552 2656 792 2734 traditionem
815 2657 980 2734 ecclesiae
1006 2658 1203 2746 Romanae,
1228 2657 1346 2758 gratis
1375 2656 1516 2732 asseri-
1571 2687 1572 2696 ¹

363 2794 426 2866 tur
453 2793 503 2888 (a).
531 2789 673 2868 Contra
696 2815 785 2867 vero
814 2790 927 2892 huJus
955 2792 1170 2869 traditionis
1194 2791 1305 2891 longe
1327 2791 1514 2867 certiores

362 2929 474 3002 testes
504 2930 592 3002 sunt
621 2926 856 3027 Hegesippus
887 2930 977 3028 (quo
1010 2952 1102 3003 usus
1135 2930 1191 3003 est
1221 2925 1427 3022 Eusebius)
1458 2929 1511 3022 (4),

345 3061 541 3148 irenaeus,
574 3064 705 3137 auctor
737 3060 823 3136 libri
858 3061 944 3137 adv.
981 3061 1124 3137 Artem.
1162 3064 1199 3137 et
1232 3058 1514 3160 martyrologia

362 3195 674 3296 Hieronymiana,
703 3199 758 3275 ut
797 3196 1015 3273 omittamus
1056 3196 1276 3297 scriptorem
1321 3196 1512 3272 Actorum

361 3330 399 3408 S.
433 3330 657 3442 Alexandri,
689 3330 964 3432 Epiphaniam,
998 3333 1197 3432 Optatum,
1229 3331 1508 3432 angustinum,
1571 3317 1572 3390 l

360 3455 634 3568 Hieronymum
657 3469 693 3540 et
715 3465 808 3542 alios
831 3466 1066 3568 posteriores.
1089 3465 1192 3555 Quos
1210 3489 1338 3540 omnes
1355 3489 1510 3542 errasse

390 3721 418 3778 (r)
430 3739 442 3759 a
456 3713 555 3774 Quinto
565 3715 624 3766 loco
634 3727 650 3762 a
662 3712 740 3764 beato
754 3712 835 3764 Petro
846 3727 908 3778 apo·
942 3713 1042 3765 Nullus
1054 3713 1164 3776 quidem
1179 3713 1273 3763 dubito
1287 3711 1354 3774 quin
1366 3711 1506 3776 Hippoly-

358 3828 370 3851 ιι
384 3807 454 3858 siolo
464 3805 595 3856 Romanae
605 3803 681 3852 urbis
689 3802 812 3853 ecclesiae
820 3805 911 3855 catha·
944 3806 988 3854 tus
1002 3803 1030 3853 in
1043 3801 1178 3854 Chronico
1196 3816 1245 3852 suo
1264 3801 1432 3852 traditiones
1450 3802 1506 3852 Ro-

357 3921 369 3944 „
383 3899 461 3948 drum
481 3897 552 3948 sedit
568 3894 723 3945 Alexander
741 3915 753 3936 n
771 3893 839 3954 (Act.
861 3893 908 3945 SS.
944 3909 1039 3945 manas
1056 3893 1194 3957 retulerit3
1208 3893 1255 3944 sed
1274 3905 1329 3942 non
1342 3892 1382 3944 ita
1394 3897 1506 3944 certum

356 3990 421 4039 tom.
436 3987 457 4037 1.
474 3986 538 4037 Maii
550 3999 576 4049 p.
591 3985 656 4047 371).
944 3986 986 4034 est
1009 3985 1044 4034 ab
1066 3985 1177 4034 auctore
1200 3981 1323 4046 Catalogi
1346 3981 1506 4042 Liboriani,
1571 3979 1572 4030 l

388 4079 417 4140 (a
429 4076 470 4127 na
488 4076 559 4126 nem
571 4075 602 4124 ao
617 4072 734 4138 npnns3
751 4085 839 4135 neque
853 4071 909 4123 una
943 4072 989 4135 qur
1002 4087 1034 4123 eo
1046 4074 1121 4123 ronta
1130 4085 1196 4121 usus
1207 4073 1257 4131 est,
1268 4067 1338 4120 nnn
1350 4070 1377 4120 ei
1389 4069 1507 4134 sajano·
1571 4045 1572 4086 l

355 4169 472 4218 habetur
490 4165 623 4230 praeterea
640 4164 708 4215 illeti
727 4163 767 4212 vel
787 4162 913 4214 Anacleti
946 4165 1004 4214 tum
1016 4177 1076 4214 esse
1089 4177 1122 4213 ex
1132 4161 1326 4214 traditionibus
1338 4159 1383 4212 uel
1394 4163 1506 4226 opinio-

355 4261 457 4312 meniio
470 4261 503 4311 ad
519 4261 547 4310 13
558 4258 635 4310 Julii.
943 4257 1024 4308 nibus
1046 4257 1159 4309 incertis
1178 4257 1242 4318 (Cir.
1261 4255 1314 4307 loc.
1333 4256 1381 4306 cit.
1395 4257 1433 4308 N.
1455 4259 1504 4309 123.

387 4353 416 4413 (a)
433 4349 487 4400 Cir.
504 4347 609 4400 introd.
628 4347 726 4401 Gener.
746 4347 837 4398 Tract.
856 4347 907 4398 lll.
975 4349 1005 4411 (i)
1024 4348 1079 4398 Cir.
1099 4347 1165 4398 ibid.
1179 4347 1323 4398 N.3extr.
1338 4355 1415 4412 lpag.
1434 4351 1502 4410 20031.

354 4439 419 4504 Cap.
434 4437 484 4489 ΙΙΙ.
503 4438 537 4488 N.
555 4438 617 4487 6-13
634 4445 705 4501 (pag.
719 4438 767 4488 203
784 4437 862 4500 sum).
876 4461 908 4471 -
