3132 5140
249 469 327 513 mss.
353 468 390 512 rr.
415 467 449 511 oc
470 463 583 514 accuss.
606 467 671 512 nou
696 460 1005 510 cummunionem.
1149 439 1198 501 lul

50 639 273 714 ilmrmmm
322 637 375 732 (1),
415 637 470 710 lm
510 635 590 711 Hm
629 636 681 732 (a),
726 656 775 706 rin
818 629 933 707 Ross1
977 629 1028 722 (a),
1074 609 1225 701 Hiar?

51 775 221 868 nunna).

95 993 131 1075 2.
157 993 210 1074 Et
228 995 421 1097 imprimis
439 998 661 1094 argumento
682 988 848 1092 generali
871 987 1016 1064 auctori
1034 986 1202 1061 Plr'loso-

50 1135 296 1214 nlroumenoo
331 1127 485 1230 opponit
511 1127 648 1206 Cruice
689 1124 879 1202 silentium
910 1121 1078 1199 omnium
1113 1119 1202 1196 scri·

52 1269 196 1362 plorum
214 1262 559 1340 ecclesiasticorum
577 1267 614 1338 et
638 1263 822 1363 praeterea
849 1257 990 1333 lactum
1012 1253 1203 1330 electionis

52 1396 193 1476 Callisti
225 1399 269 1475 in
297 1400 496 1476 Summum
513 1377 762 1484 'Pontificem
795 1394 907 1496 quod,
935 1391 1145 1495 praesertim
1171 1389 1202 1464 si

51 1533 266 1610 attendatur
296 1534 429 1610 modus
454 1531 644 1610 electionis
676 1531 752 1607 illis
781 1527 1011 1630 temporibus
1042 1525 1202 1602 usitatus

52 1667 119 1760 (ubi
136 1668 287 1746 scilieet
311 1695 451 1746 canon
473 1669 584 1745 fiebat
606 1666 685 1744 sine
711 1689 895 1742 concursu
917 1661 1033 1738 totius
1057 1659 1147 1734 cleri
1167 1665 1203 1734 el

53 1801 158 1879 etiam
180 1803 306 1905 plebis
330 1803 572 1900 christianae),
594 1801 746 1879 omnino
768 1796 963 1876 conciliari
986 1822 1060 1872 non
1081 1800 1203 1898 potest

53 1958 129 2012 cum
147 1937 317 2014 veritate
331 1963 457 2014 eorum
477 1964 562 2040 quae
579 1937 759 2014 adversus
779 1934 979 2013 Callistum
993 1935 1199 2034 jactantur.

99 2157 135 2240 3.
165 2164 220 2238 nt
253 2163 428 2263 quamvis
462 2163 548 2238 inde
577 2163 664 2263 jure
698 2161 943 2238 concludatur
976 2185 1050 2236 non
1084 2159 1200 2236 fuisse

53 2293 158 2370 talem
185 2295 395 2374 Callistum
424 2296 574 2398 qualem
600 2321 685 2372 eum
708 2295 876 2398 depingit
901 2297 1033 2372 auctor
1059 2297 1197 2381 noster,

55 2435 271 2508 nontamen
299 2431 390 2508 satis
414 2430 591 2508 credibile
616 2432 658 2510 fit
682 2432 765 2533 ipsa
792 2431 892 2508 facta
909 2431 955 2506 ab
974 2429 1054 2531 ipso
1081 2429 1199 2506 relata

55 2561 160 2642 luisse
190 2567 467 2658 commentitia;
499 2568 710 2670 praesertim
742 2567 788 2656 si,
821 2565 1025 2643 secundum
1055 2571 1198 2643 senten·-

54 2695 137 2773 tiam
167 2701 359 2803 superiori
391 2702 664 2780 Dissertatione
687 2705 885 2788 assertam,
912 2725 1006 2802 opus
1030 2701 1198 2777 Plu'loso-

50 2837 293 2922 plioumeaon
307 2835 548 2913 tribuendum
565 2837 740 2914 videatur
755 2836 973 2938 Hippolyto.
992 2837 1081 2914 Fuit
1098 2837 1197 2913 enim

55 2963 80 3039 is
102 2968 160 3044 vir
181 2969 317 3046 doctus
335 2996 454 3073 neque
472 2974 565 3049 adeo
583 2973 776 3074 improbus
794 2971 902 3072 (quod
923 2971 1015 3047 satis
1033 2971 1198 3048 ostendit

54 3099 191 3180 sincera
215 3105 299 3205 ejus
317 3107 511 3183 conversio
534 3113 570 3184 et
592 3105 842 3208 martyrium).
870 3106 1075 3194 Praeterea,
1098 3106 1194 3206 quod

53 3238 280 3340 praecipuum
298 3246 366 3330 est,
387 3247 519 3318 narrat
536 3241 636 3342 apud
655 3265 801 3317 coaevos
820 3264 864 3316 ea
885 3240 1027 3340 quaein
1046 3239 1196 3343 publica

53 3369 125 3450 luce
137 3383 224 3455 acta
243 3378 318 3455 sint
335 3404 377 3456 eo
395 3381 476 3482 ipso
494 3379 576 3457 loco
595 3379 657 3456 ubi
676 3378 744 3455 illa
762 3377 956 3466 describit;
975 3378 1020 3453 de
1038 3377 1084 3454 iis
1103 3403 1193 3456 vero

54 3539 128 3612 quae
160 3521 398 3620 pertinebant
431 3524 478 3600 ad
509 3547 594 3601 eam
628 3527 773 3626 partem
803 3523 893 3598 vitae
925 3521 1075 3600 Callisti
1110 3548 1194 3624 quae

55 3654 163 3753 magis
192 3655 343 3734 occulta
371 3665 453 3736 erat
478 3665 516 3737 et
534 3660 595 3738 ubi
621 3659 776 3762 proinde
802 3657 921 3735 multo
944 3658 1094 3736 facilius
1119 3684 1193 3736 non

56 3811 164 3885 pauca
181 3795 325 3894 fingere
341 3796 524 3898 potuisset
542 3796 744 3873 admodum
762 3794 904 3883 odiosa,
922 3793 1073 3870 omnino
1092 3793 1188 3872 silet.

56 3918 298 4003 Probabiliter
341 3930 466 4031 itaque
507 3931 733 4008 censendum
778 3933 852 4016 est,
901 3929 1024 4030 ipsum
1070 3934 1192 4006 mente

85 4279 111 4345 (ι)
121 4279 168 4335 cll.
181 4281 249 4337 ibid.
264 4283 298 4336 N.
315 4287 352 4338 13,
670 4290 701 4354 (³)
713 4289 823 4341 Bullett.
848 4292 877 4340 di
899 4289 1024 4340 Arcbeol.
1049 4302 1092 4340 an.
1121 4288 1190 4339 1866,

85 4371 316 4438 (santabareno.
330 4377 418 4429 Nour.
430 4377 483 4430 sdr.
495 4381 514 4432 l.
525 4378 600 4430 Vlll.
636 4395 662 4445 p.
678 4383 700 4431 l.
714 4394 771 4444 ssq.

65 4453 122 4512 ¹866.
135 4477 178 4528 pp.
194 4465 250 4524 roo,
266 4467 320 4517 nr.
673 4471 702 4532 n)
715 4471 820 4535 open.
833 4471 905 4521 uas.
916 4469 1097 4521 unmooem.
1108 4469 1140 4520 x.
1153 4474 1190 4522 ro.
1229 4543 1233 4554 Ι
