3170 5134
486 468 550 516 cnr.
574 469 611 516 u.
634 468 670 514 ir
690 467 884 516 sumimus·
923 509 925 514 ,
1193 456 1251 517 115

111 631 164 708 Ad
186 631 255 708 hoe
275 637 544 734 argumentum
565 637 693 712 autem
713 633 809 710 nihil
832 632 935 710 aliud
960 634 1158 736 respondet
1179 637 1251 712 nisi

112 764 202 864 quod
226 765 358 866 cyclus
388 802 404 831 κ
433 767 464 843 is
490 791 565 844 non
590 767 637 844 ad
664 792 775 844 usum
800 765 979 856 ecclesiae,
1007 767 1070 844 sed
1097 767 1249 848 honoris

110 923 218 978 causa
246 901 410 978 adscribi
439 902 562 1005 potuit
590 901 792 979 simulacro
820 938 835 968 n
865 932 872 977 :
900 901 999 1003 quod
1028 907 1127 980 certe
1156 905 1249 982 satis

110 1034 242 1112 mirum
262 1040 436 1138 apparet,
457 1040 500 1115 ut
521 1035 663 1115 scilicet
683 1036 838 1114 honoris
859 1059 975 1113 causa
996 1038 1101 1114 tento
1123 1035 1251 1115 labore

24 1213 26 1220 ·
110 1167 312 1274 insculptus
338 1170 472 1250 fuisset
495 1171 624 1274 cyclus
649 1171 713 1274 qui
740 1171 930 1248 erroribus
956 1175 1099 1248 scatere
1119 1171 1250 1273 joma

109 1305 250 1383 nemine
276 1331 352 1384 non
379 1307 651 1408 agnoscebatur
677 1309 728 1406 (ι).

154 1489 216 1574 lo.
238 1496 372 1598 Neque
392 1496 597 1599 quidquam
618 1494 798 1580 evincunt
816 1499 1040 1596 argumenta
1060 1519 1084 1574 a
1106 1497 1151 1574 P.
1176 1498 1248 1575 Ar-

108 1628 243 1706 mellini
261 1635 395 1710 contra
411 1631 705 1709 communiorem
722 1631 943 1710 sententiam
961 1630 1100 1710 directe
1116 1633 1244 1713 allata.

109 1759 251 1840 Etenim
276 1763 386 1842 facile
409 1765 456 1842 ad
483 1772 530 1842 1¹¹
554 1766 604 1845 R.
631 1797 669 1846 a.
692 1765 852 1856 Quando
876 1766 1132 1868 Hieronymus
1156 1772 1247 1848 scri-

108 1893 210 1973 bebat
238 1923 353 1976 suum
382 1899 522 1978 librum
552 1905 609 1976 De
634 1903 729 1978 ciris
753 1902 987 1992 illustribus,
1017 1928 1090 1980 non
1121 1929 1246 1984 versa·
1331 1999 1335 2007 Ι

18 2007 19 2010 Ὺ
109 2028 213 2107 batur
242 2033 393 2124 Romae,
425 2035 488 2111 sed
519 2035 558 2110 in
588 2035 806 2112 Palaestina.
835 2049 869 2114 b.
896 2034 1072 2113 Ceterum
1102 2063 1148 2114 ex
1178 2039 1248 2118 hoc

110 2171 326 2264 argumento
357 2167 480 2248 solum
509 2168 831 2282 concludi‘posset
855 2172 1019 2246 statuam
1051 2170 1247 2275 Hippolyti

18 2343 19 2350 .
109 2303 186 2397 post
202 2301 301 2378 med.
323 2327 396 2379 sec.
418 2303 474 2380 IV
490 2329 566 2380 non
586 2303 702 2380 fuisse
723 2303 871 2406 publice
891 2304 1099 2405 expositam
1120 2335 1128 2382 :
1149 2310 1248 2409 quod
1342 2337 1346 2342 ·

18 2475 19 2514 r
110 2431 200 2511 ultro
222 2415 464 2514 concedimus
482 2441 532 2538 (a).
553 2439 675 2515 —Ad
697 2444 747 2516 2¹¹¹
765 2439 814 2518 R.
842 2439 927 2517 Non
948 2442 1074 2516 tamen
1095 2443 1247 2522 omnino

18 2615 19 2666 3
109 2563 364 2646 desiderantur
380 2570 466 2665 aliae
483 2572 687 2675 sculpturae
704 2572 919 2650 christianae
938 2571 1051 2672 hujus
1068 2577 1247 2677 temporis

108 2705 140 2778 et
160 2705 356 2807 speciatim
380 2707 553 2807 quaedam
576 2709 727 2785 omnino
752 2705 885 2784 similis
904 2709 953 2806 (a).
975 2753 1022 2763 -
1039 2707 1098 2784 nd
1119 2714 1169 2784 3¹¹¹
1192 2711 1242 2790 R.

108 2836 251 2919 'litulus
278 2843 349 2920 iste
374 2844 497 2946 potuit
526 2844 665 2948 optime
689 2844 736 2921 ab
762 2843 843 2945 ipso
869 2847 1023 2920 auctore
1052 2841 1204 2920 inscribi
1235 2874 1242 2922 :

18 2989 19 3002 ¹
108 2997 217 3077 neque
240 2979 344 3055 enim
368 2979 460 3057 adeo
485 2979 674 3058 insuetum
697 2982 754 3056 est
776 2982 819 3055 ut
841 2981 973 3055 auctor
996 2975 1110 3054 alicui
1134 3001 1244 3080 opus-

18 3151 19 3220 3
108 3109 185 3188 culo
215 3137 291 3204 suo
316 3113 501 3215 duplicem
536 3114 690 3192 titulum
722 3113 913 3190 inscribat.
947 3157 994 3167 -
1022 3111 1080 3187 Ad
1111 3119 1159 3189 4ῐῃ
1191 3112 1241 3191 R.

18 3235 20 3266 ’
108 3240 197 3321 Cum
222 3247 321 3350 cycli
347 3247 541 3350 paschales
568 3249 704 3350 integri
728 3248 767 3325 in
791 3247 838 3323 iis
863 3245 1042 3334 lateribus
1068 3243 1245 3348 descripti

18 3477 19 3492 ἵ
107 3376 192 3468 sint,
224 3380 273 3456 ad
305 3394 494 3459 summum
524 3387 754 3485 sequeretur,
786 3381 907 3484 primo
938 3404 1012 3457 non
1041 3379 1244 3484 intendisse

18 3572 19 3618 3
108 3511 283 3590 artificem
306 3520 349 3592 ut
369 3516 500 3594 etalio
521 3515 718 3619 Hippolyti
740 3513 921 3616 opuscula
941 3515 982 3590 in
1003 3513 1244 3616 inscriptione

107 3645 352 3748 consignaret,
380 3653 509 3750 postea
533 3674 640 3740 vero,
664 3673 750 3726 cum
776 3647 917 3749 aliquid
944 3647 1056 3748 spatii
1080 3671 1242 3724 vacuum

109 3774 388 3880 relinqueretur,
414 3781 508 3858 illud
532 3782 603 3860 hac
627 3781 853 3859 indicatione
877 3779 1090 3883 replevisse.
1116 3827 1163 3837 -
1184 3782 1243 3858 Ad

18 3999 19 4004 Ἰ
108 3913 422 3995 confirmationem
447 3923 575 3996 autem
600 3939 713 4020 quam
739 3915 873 4018 repetit
899 3915 944 3992 P.
971 3913 1170 3992 Armellini
1196 3941 1242 3992 ex

135 4198 324 4262 (dilexerim
340 4201 486 4264 postquam
498 4201 588 4254 editus
600 4203 654 4253 lue·
688 4197 903 4260 Budenicum.
919 4195 989 4246 1866.
1003 4208 1029 4258 p.
1043 4194 1093 4260 96).

18 4279 20 4350 ᾗ
111 4285 147 4334 ret
158 4284 298 4354 Hippolyti
316 4301 414 4350 canon,
427 4289 526 4342 calculi
538 4291 598 4354 ejus
609 4301 653 4342 or·
720 4290 750 4352 (2)
763 4287 818 4339 Cir.
831 4286 905 4336 intra
916 4281 976 4334 NN.
992 4283 1032 4342 55,
1046 4282 1085 4332 56.

110 4374 180 4424 roret
202 4375 367 4441 deprehensi
395 4381 460 4430 sunt
481 4378 528 4445 (on
555 4377 651 4438 Rosa,
717 4377 749 4440 (o)
759 4376 814 4428 Cir.
828 4375 901 4425 intra
913 4371 945 4422 N.
960 4371 1002 4422 56.

18 4467 19 4532 ¹
113 4455 351 4548 Insmpt5·Chr1'st.
365 4464 444 4521 Rom.
458 4471 478 4521 t.
491 4468 513 4521 1.
527 4483 553 4534 p.
567 4479 656 4534 Lxxx3
