3154 5134
318 431 378 493 292
685 446 756 498 ons.
778 447 819 494 u.
841 447 878 494 on
899 447 1074 498 nmrmnom

321 647 337 679 υ
358 613 423 691 ubi
452 613 633 716 scriptum
663 619 750 692 est:
778 616 889 694 Nibit
916 640 986 693 nos
1009 615 1199 714 separabit
1222 639 1249 692 a
1272 618 1459 695 cbom'tete
1560 603 1561 650 l

321 787 338 818 „
358 750 432 827 Dei
457 750 580 848 [Rom.
607 773 686 826 v111.
716 751 792 850 39].
823 750 992 853 Denique
1020 775 1154 828 nomen
1185 752 1344 830 cirtub's
1373 751 1460 830 aliis
1560 737 1561 812 l

321 919 337 950 n
358 883 473 960 etiam
494 883 604 960 rebus
627 867 820 960 tribuitur.
846 885 946 961 Nam
967 908 1080 962 eruca
1096 887 1133 962 et
1148 883 1314 961 bruchus
1334 884 1460 961 virtus
1560 911 1561 964 ;

321 1053 337 1085 s·
358 1021 396 1095 et
412 1017 563 1120 quidem
579 1017 702 1096 virtus
719 1044 858 1122 magna
878 1020 1055 1098 dicuntur
1078 1021 1190 1120 [Jonn
1211 1023 1364 1122 n.t5]...
1391 1021 1461 1098 Ve-
1560 999 1561 1066 3

321 1186 338 1218 n
359 1174 445 1227 rum
467 1151 532 1256 ubi
556 1151 719 1256 episcopi
749 1153 903 1232 illorum
932 1154 1209 1233 simulationem
1242 1155 1314 1234 hac
1346 1157 1390 1232 in
1422 1179 1462 1230 re

321 1319 338 1350 n
358 1284 716 1376 animadverterunt,
740 1286 941 1390 dolumque
965 1312 1045 1366 esse
1067 1289 1107 1366 in
1129 1289 1303 1366 cordibus
1326 1287 1460 1391 impio·
1560 1269 1561 1350 l

322 1453 338 1485 υ
359 1443 445 1495 rum
469 1419 570 1498 mala
585 1421 846 1523 cogitantium,
864 1417 915 1500 'ut
935 1422 990 1500 ait
1007 1422 1217 1526 Scriptura,
1237 1423 1461 1502 sententiam

322 1527 491 1630 »rursus
520 1553 594 1655 ipsi
623 1579 670 1631 ex
700 1554 905 1658 Scripturis
934 1555 1110 1657 colligere
1138 1558 1227 1633 sunt
1258 1555 1396 1645 coacti,
1427 1559 1462 1630 et

322 1719 339 1752 υ
359 1709 444 1788 quae
468 1689 580 1764 antea
599 1687 785 1778 dixerant,
808 1689 938 1766 eadem
961 1688 1183 1768 clarioribus
1203 1689 1328 1766 verbis
1345 1686 1461 1790 signi·

322 1851 339 1883 s·
360 1817 486 1910 ficare,
506 1843 550 1897 ao
567 1820 725 1924 denique
744 1822 905 1899 scribere
921 1820 1062 1899 Filium
1079 1821 1191 1900 Patri
1205 1846 1285 1899 esse
1304 1821 1460 1900 eonsub
1560 1807 1561 1824 Ν

322 1984 339 2016 a
356 1951 585 2050 stantialem,
600 1957 643 2032 ut
655 1954 797 2034 scilicet
810 1956 1064 2058 significarent
1073 1955 1215 2034 Filium
1227 1947 1465 2034 non'tantum¹

284 2065 287 2072 ¹
323 2119 339 2150 n
361 2085 534 2179 similem,
550 2090 614 2167 sed
634 2090 802 2168 eamdem
815 2116 894 2168 rem
908 2090 1153 2169 similitudine
1170 2114 1249 2171 esse
1266 2115 1311 2168 ex
1329 2091 1459 2174 Patre,

324 2253 340 2285 s·
361 2222 473 2321 atque
485 2225 528 2299 ut
540 2223 822 2302 similitudinem
841 2228 878 2303 et
890 2224 1231 2302 immutabilitatem
1244 2223 1334 2300 Filii
1347 2223 1461 2300 aliam

324 2393 340 2424 κ
360 2359 512 2438 omnino
524 2387 604 2440 esse
617 2363 853 2442 ostenderent
869 2366 915 2442 ab
928 2389 973 2442 ea
985 2364 1195 2442 imitatione
1207 2388 1291 2467 quae
1303 2363 1344 2439 in
1356 2359 1460 2440 nobis

323 2529 340 2562 ι·
361 2519 441 2574 esse
457 2497 609 2590 dicitur,
628 2526 742 2604 quam
759 2526 827 2580 nos
844 2495 996 2605 propter
1012 2500 1275 2580 mandatorum
1288 2499 1460 2578 observa

324 2663 340 2695 v
361 2627 501 2714 tionem
517 2656 565 2712 ex
581 2633 722 2714 virtute
739 2635 1013 2739 consequimur.
1038 2671 1054 2702 n
1142 2631 1145 2636 ’

373 2818 406 2869 o.
424 2794 483 2873 Ex
499 2819 542 2874 eo
564 2797 662 2899 quod
680 2799 816 2875 Patres
833 2797 898 2900 qui
922 2798 1155 2900 scripserunt
1170 2799 1302 2875 contra
1319 2792 1459 2874 Semia-

322 2933 448 3016 rianos
472 2961 547 3013 non
569 2936 629 3012 usi
650 2942 739 3016 sunt
759 2938 830 3016 hoc
852 2942 1075 3040 argumento
1100 2935 1200 3039 quod
1221 2935 1355 3013 fuisset
1371 2931 1460 3011 vali-

323 3071 532 3160 dissimum,
574 3095 704 3148 vocem
745 3083 885 3163 δμοούσως
920 3070 1061 3148 scilicet
1099 3073 1267 3171 tempore
1302 3063 1458 3148 Consilii
1560 3089 1561 3102 ,

323 3209 470 3288 Nicaeni
488 3207 714 3310 jamdudum
732 3209 772 3287 in
793 3233 964 3287 sermone
981 3206 1234 3288 ecclesiastico
1256 3203 1458 3285 communi·
1560 3293 1561 3298 Ν

322 3345 380 3420 ter
396 3343 583 3444 receptam
600 3365 691 3419 esse.
1323 3327 1325 3330 ’

376 3517 432 3600 12.
443 3517 502 3596 Ad
515 3533 590 3598 11⁰.
604 3525 641 3595 1⁰
654 3517 787 3606 Quoad
800 3519 992 3598 silentium
1006 3515 1300 3608 Catholicorum,
1314 3537 1457 3620 respon·
1560 3563 1561 3566 κ

324 3657 379 3735 sio
397 3655 487 3734 satis
505 3653 664 3730 habetur
679 3679 727 3731 ex
744 3655 853 3734 modo
877 3655 985 3734 dictis
1002 3655 1043 3732 in
1063 3653 1302 3757 responsione
1321 3653 1370 3731 ad
1386 3648 1457 3754 pri·

323 3815 428 3868 mum
466 3791 772 3889 argumentorum
811 3794 924 3893 caput
960 3820 968 3867 :
1000 3789 1099 3866 unde
1138 3785 1281 3864 scilicet
1316 3783 1457 3864 constat

324 3923 468 4002 nullam
484 3921 662 4000 doctrinae
683 3925 876 4004 catholicae
892 3924 1076 4026 injurium
1091 3919 1238 3998 illatam
1255 3913 1455 3996 existimari

322 4059 492 4137 debuisse
520 4080 588 4159 per
616 4059 913 4160 reprobationem
941 4041 1043 4134 v'ocis
1076 4065 1226 4150 ὅμωύσιος,
1257 4052 1348 4130 dum
1381 4053 1457 4153 ipsu

322 4189 690 4273 consubstantialitas
708 4195 902 4298 perspicue
918 4191 1172 4271 affirmaretur
1189 4189 1240 4288 (1).

356 4454 386 4518 (ι)
396 4451 535 4504 Praeterea
545 4446 601 4502 cn.
612 4447 685 4503 inca
696 4449 730 4504 N.
744 4453 783 4503 15.
