3170 5134
331 404 390 470 lffl
570 423 641 471 mss.
665 426 707 472 ΙΙΙ.
731 425 766 470 DE
788 423 915 470 nemone
936 395 1239 468 irritosornoudexon.

332 592 430 669 serre
463 593 643 694 potuerit,
682 596 934 694 praeterquam
965 589 1064 692 quod
1093 590 1291 692 episeopus
1321 589 1396 666 fuit
1427 593 1486 688 ().

331 727 432 805 Satis
453 727 518 803 diu
540 727 658 828 igitur
681 731 769 805 ante
791 729 903 804 finem
925 751 997 803 sec.
1019 725 1074 802 IV
1092 729 1208 802 tantae
1225 725 1490 802 venerationis

330 863 480 964 signum
514 868 665 965 quantae
695 865 735 940 in
765 862 949 940 erectione
983 862 1096 963 hujus
1131 864 1268 938 statuae
1300 859 1487 950 habetur,

330 998 537 1102 Hippolyto
567 1000 752 1077 tributum
781 1025 862 1076 esse
887 1001 1043 1100 oportet.
1073 1003 1113 1074 2⁰
1139 996 1197 1073 Ex
1227 1020 1270 1073 eo
1295 995 1394 1097 quod
1427 995 1491 1072 in-

328 1133 482 1235 scriptio
512 1160 684 1214 sermone
713 1140 751 1213 et
778 1135 915 1212 litteris
944 1133 1078 1236 graecis
1103 1136 1259 1209 exarata
1288 1134 1355 1207 est.
1389 1131 1414 1207 J
1416 1155 1490 1207 am

328 1288 417 1340 vero
439 1269 523 1367 post
541 1265 638 1342 med.
660 1289 733 1344 sec.
762 1267 821 1342 ΙΙΙ
845 1290 889 1343 ac
912 1263 1122 1367 praesertim
1149 1287 1221 1338 sec.
1243 1260 1299 1336 IV
1324 1259 1489 1337 omnino

328 1399 492 1478 exolevit
514 1401 649 1480 Romae
673 1411 764 1478 usus
787 1401 901 1503 graeci
924 1398 1119 1476 sermonis.
1144 1401 1183 1474 3ο
1208 1395 1266 1473 Ex
1288 1392 1400 1471 titulo
1422 1393 1488 1472 la-

328 1534 463 1611 terculi
487 1535 718 1614 decimarum
743 1540 965 1639 quartarum
989 1537 1039 1634 (a),
1064 1558 1109 1609 ex
1133 1556 1207 1634 quo
1229 1529 1422 1631 colligitur
1444 1538 1490 1607 et

328 1697 509 1751 canonem
527 1674 691 1777 incipere
704 1657 751 1751 ab
769 1698 869 1751 anno
888 1674 907 1749 l
923 1642 1130 1749 Alexandri
1149 1673 1252 1768 (aerae
1269 1667 1373 1768 vulg.
1391 1672 1489 1766 222)

326 1810 376 1898 et,
392 1805 483 1883 dum
500 1807 637 1884 artifex
654 1808 736 1884 haec
753 1808 960 1909 sculpebat,
980 1805 1124 1907 aliquot
1137 1805 1217 1906 jam
1235 1827 1352 1880 annos
1369 1801 1410 1876 in
1435 1827 1488 1878 eo

327 1941 511 2020 indicatos
529 1943 675 2045 elapsos
693 1967 786 2032 esse,
806 1969 882 2020 non
903 1946 1030 2020 tamen
1048 1965 1175 2018 omnes
1193 1942 1246 2038 (a).

378 2119 415 2202 8·
444 2124 491 2200 P.
524 2125 747 2200 Asmurnam
787 2121 939 2198 omnino
975 2123 1088 2221 negat
1121 2115 1402 2218 inscriptionem
1442 2124 1489 2195 et

325 2257 420 2334 forte
438 2257 559 2359 ipsam
586 2260 751 2334 statuam
774 2255 905 2332 referri
931 2277 1039 2356 posse
1062 2252 1108 2329 ad
1131 2276 1203 2328 sec.
1230 2248 1301 2325 ΙΙΙ.
1329 2249 1488 2328 Probat

326 2396 452 2468 autem
483 2416 591 2468 suam
621 2390 845 2468 sententiam
864 2393 901 2489 (r)
923 2421 931 2465 ι
955 2395 992 2465 1⁰
1018 2387 1217 2489 Praecipue
1248 2391 1485 2487 argumento

324 2525 513 2625 negativo,
530 2525 709 2602 nimirum
727 2555 733 2601 :
755 2562 771 2591 u
789 2525 1045 2626 Hieronymus
1059 2523 1135 2620 (ait)
1150 2522 1214 2624 qui
1227 2523 1317 2598 dum
1331 2521 1486 2622 scripta

325 2660 523 2762 Hippolyti
553 2666 833 2752 commemoret,
866 2685 1019 2737 censum
1046 2657 1197 2736 exhibet
1226 2656 1418 2733 diversum
1456 2683 1485 2734 a

323 2803 494 2906 catalogo
516 2809 651 2882 statuae
672 2807 876 2908 adscripto,
902 2805 962 2882 vel
988 2808 1153 2883 statuam
1179 2827 1253 2878 non
1275 2801 1385 2892 vidit,
1409 2805 1482 2880 vel

323 2937 435 3038 (quod
460 2937 584 3014 minus
608 2939 845 3037 crediderim)
867 2964 953 3015 eum
975 2936 1191 3040 catalogum
1214 2936 1316 3014 haud
1341 2941 1483 3036 magni

322 3073 421 3151 fecit.
444 3074 572 3162 Quare
589 3075 750 3152 similius
767 3077 849 3152 veri
868 3078 937 3165 est,
957 3074 1082 3152 seculo
1100 3077 1236 3176 quarto
1254 3095 1485 3149 monumen-

322 3210 404 3283 tum
422 3207 515 3284 illud
538 3209 692 3298 minime
711 3211 912 3318 exstitisse.
937 3247 951 3275 n
974 3211 1167 3286 Praeterea
1184 3213 1224 3285 2⁰
1245 3241 1261 3271 α
1283 3206 1414 3307 Neque
1436 3206 1484 3283 in

323 3346 441 3422 sacris
458 3348 601 3426 aedibus
619 3374 685 3450 per
702 3374 747 3426 ea
769 3353 940 3451 tempora
957 3352 1000 3425 ut
1016 3346 1189 3448 picturis
1209 3346 1264 3424 ita
1281 3349 1318 3422 et
1336 3345 1485 3423 statuis

322 3481 426 3558 locus
456 3487 551 3572 erat,
583 3484 732 3586 quando
763 3485 823 3560 his
853 3485 978 3586 potius
1008 3507 1123 3584 quam
1152 3481 1228 3559 illis
1254 3479 1394 3558 ethnici
1425 3484 1482 3559 ad

321 3616 625 3716 superstitionem
648 3618 847 3698 fovendam
870 3621 1086 3696 utebantur.
1118 3654 1133 3685 n
1155 3622 1195 3695 3ἢ
1216 3654 1231 3683 ω
1253 3618 1341 3720 Ipsa
1359 3615 1483 3696 titulo

321 3757 553 3834 enumeratio
581 3757 780 3860 [opusculi]
808 3764 1008 3836 Adversus
1041 3755 1193 3833 Graecos
1222 3769 1258 3834 et
1285 3762 1485 3834 aduersus

353 4069 385 4136 tr)
398 4069 473 4123 rest.
487 4073 512 4124 1.
525 4073 547 4124 4
560 4073 696 4137 (Append.
711 4069 840 4141 pag.18).
914 4091 979 4161 xpm
996 4091 1046 4130 suo
1063 4078 1168 4130 canoni
1182 4090 1263 4141 quem
1281 4077 1317 4127 ab
1333 4088 1407 4127 enno
1425 4077 1482 4132 222

351 4168 383 4235 (a)
395 4169 470 4221 Test.
480 4171 518 4221 V.
534 4169 695 4237 1(Append.
709 4187 772 4239 pag.
786 4170 840 4239 26).
908 4176 1045 4241 inceperit
1056 4177 1168 4242 propter
1183 4174 1306 4238 quedem
1324 4177 1482 4230 commode

352 4259 382 4322 e)
403 4259 463 4311 Hoc
483 4263 678 4326 argumentum
695 4263 786 4316 tamen
807 4267 877 4318 sorte
910 4279 969 4330 quoe
980 4267 1009 4318 in
1021 4269 1074 4319 hoc
1085 4267 1165 4318 initio
1176 4265 1304 4331 ponendo
1316 4263 1428 4318 viderit.

319 4347 392 4399 cludi
414 4353 506 4414 posset
525 4353 704 4416 supponendo
720 4355 794 4405 hunc
811 4355 877 4406 tite·
944 4361 974 4422 (q
987 4358 1037 4422 Op.
1052 4357 1098 4408 eit.
1112 4370 1138 4421 p.
1151 4357 1237 4408 39-48.

319 4437 375 4490 lum
395 4442 429 4491 ab
446 4441 505 4505 ipso
522 4441 671 4508 Hippolyto
685 4445 770 4496 fuisse
787 4447 875 4510 praefl-
