3208 5150
393 507 453 553 eir.
476 509 505 552 ll·
528 509 601 563 Quor
623 507 711 554 Andos
732 508 837 555 narnus
858 507 942 554 ROHAE
964 481 1099 553 sanantis
1272 495 1310 557 45

156 676 209 751 in
232 672 491 775 epistolissuis
514 673 638 751 Roma
655 673 802 775 scriptis
821 675 871 771 (ι).
893 718 940 729 -
963 673 1098 752 Restat
1121 674 1247 778 itaque
1269 683 1311 755 ut

154 809 317 885 Petrus
337 831 405 882 non
428 810 514 883 anto
531 807 643 882 finem
661 807 801 884 aestatis
819 807 908 884 anni
921 813 969 884 63
987 808 1150 886 Romam
1163 811 1309 890 venisse

152 945 335 1022 dicatur.
1117 937 1120 942 ’

217 1117 283 1202 17.
301 1123 383 1199 Jam
401 1144 504 1207 vero,
526 1144 572 1195 ex
588 1117 697 1195 dictis
722 1117 813 1219 Cap.
835 1117 914 1194 lin
938 1117 1239 1221 responsionibus
1261 1123 1307 1199 ad

153 1259 393 1360 argumenta
409 1254 585 1356 negativa
597 1257 634 1330 et
647 1254 759 1354 hujus
774 1252 918 1354 Capitis
934 1254 1017 1331 Art.
1035 1254 1087 1343 ΙΙ,
1103 1255 1211 1333 facile
1224 1285 1309 1336 con-

149 1399 242 1475 stat
260 1393 480 1492 argumenta
492 1388 602 1466 modo
620 1387 783 1464 indicata
796 1411 874 1463 rem
892 1412 966 1463 non
980 1387 1162 1477 evincere,
1182 1392 1245 1467 sod
1263 1417 1308 1469 ea

150 1529 296 1610 omnia
324 1525 456 1628 quibus
489 1523 662 1601 nituntur
692 1523 829 1624 optime
858 1521 1051 1598 conciliari
1084 1549 1191 1625 posse
1220 1551 1304 1603 cum

150 1661 389 1746 testimoniis
402 1684 470 1762 pro
488 1659 611 1761 prima
628 1659 811 1735 sententia
823 1656 961 1734 allatis.

207 1845 276 1927 18.
303 1845 446 1945 Itaque,
465 1846 507 1919 ut
527 1841 657 1944 paucis
680 1841 776 1917 hanc
798 1838 1086 1940 disputationem
1111 1840 1305 1920 concluda-

145 2009 260 2070 mus,
282 1980 439 2056 Petrum
464 1981 517 2054 25.
534 2000 651 2052 annos
673 1975 887 2053 Romanam
904 1973 1121 2050 cathedram
1142 1975 1305 2054 tonuisse

142 2124 298 2200 diserte
327 2119 511 2194 testantur
535 2118 667 2192 auctor
695 2114 826 2216 primae
856 2111 974 2214 partis
1003 2112 1171 2208 Cotoloqi
1194 2116 1300 2191 Lide·

142 2258 281 2343 rr'am',
308 2253 509 2340 Ensnnms
534 2251 810 2336 Hmnonrnrns
843 2248 1010 2326 Onosins
1034 2251 1071 2324 et
1091 2246 1170 2336 alii,
1197 2249 1300 2328 nullo

142 2393 314 2493 antiquo
337 2391 487 2466 auctore
516 2385 574 2463 vel
602 2389 841 2462 monumento
864 2384 1003 2461 directe
1030 2386 1098 2460 aut
1122 2382 1301 2464 indirecte

141 2523 433 2606 contradicente
450 2524 499 2622 (a).
521 2521 631 2598 Hanc
648 2519 870 2596 sententiam
887 2518 1005 2619 igitur
1029 2520 1072 2592 ut
1089 2515 1198 2618 longe
1217 2544 1300 2621 pro·

140 2661 378 2744 habiliorem
389 2656 585 2737 tenendam
603 2680 682 2732 esse
699 2679 892 2732 censemus
910 2656 961 2752 (a).

174 2973 210 3036 (ι)
225 2971 279 3021 cir.
291 2970 361 3022 ibid.
374 2971 411 3020 3⁰.
741 2964 830 3015 obiter
853 2964 995 3023 memorat)
1017 2977 1124 3017 errasse
1146 2967 1221 3018 circa
1241 2968 1294 3019 cir-

173 3064 209 3126 (s)
226 3061 353 3125 Opponot
367 3061 435 3110 forie
448 3058 550 3120 aliquis
562 3055 707 3107 auotorita—
741 3053 933 3104 cumstantiam
945 3053 1086 3117 temporis,
1100 3069 1160 3117 quae
1177 3056 1245 3106 nihil
1261 3058 1295 3107 ad

133 3157 201 3202 tem
234 3149 358 3200 Dicarsn
391 3147 527 3199 Corinthii
559 3145 707 3198 scribentis
741 3157 854 3208 scopum
866 3143 901 3193 ab
913 3143 973 3207 ipso
983 3143 1117 3196 intentum
1128 3147 1293 3199 conserebat.

133 3241 266 3292 Petrum
282 3240 309 3288 et
325 3237 443 3289 Paulum
461 3239 490 3288 in
502 3235 609 3288 ltaliam
626 3237 709 3286 rimari
774 3233 804 3297 (a)
825 3233 903 3292 Quod
917 3235 1008 3284 autem
1028 3256 1041 3277 ·
1060 3236 1094 3284 ad
1111 3237 1296 3289 confirmatio-

131 3327 289 3394 profectos
304 3339 363 3377 esse
376 3325 448 3387 (Vid.
462 3326 587 3390 Append.
600 3339 662 3390 pag.
676 3329 705 3400 2,
738 3335 799 3373 nem
809 3321 930 3386 vulgaris
940 3323 1079 3387 opinionis
1088 3323 1121 3374 de
1131 3325 1211 3375 annis
1219 3325 1295 3376 XXV

132 3420 225 3472 Test.
235 3419 265 3470 3.
278 3419 367 3482 exta).
378 3419 413 3469 nt
425 3419 451 3468 1ο
462 3431 514 3468 vox
523 3411 609 3482 ὁμόσε,
622 3431 703 3481 quam
737 3401 838 3470 dicitnr
855 3419 904 3482 (ait
921 3419 1131 3470 Pannnnoonros
1150 3419 1223 3473 Diss.
1245 3423 1292 3473 cit.

129 3521 286 3572 &incastos
297 3515 381 3567 latino
396 3515 531 3579 expressit
546 3517 638 3576 simul,
651 3530 706 3567 non
740 3531 766 3567 n.
780 3519 814 3582 8),
828 3517 954 3569 Romano
968 3517 1096 3568 Pontifici
1109 3518 1198 3568 occini
1210 3519 1238 3568 in
1251 3520 1295 3571 dic

130 3609 240 3662 minus
252 3603 519 3671 probaiiiliterreddi
528 3605 617 3668 potest
622 3608 701 3666 pori·
735 3606 920 3657 coronationis
930 3604 1294 3667 snae‚Nonoirrrrumannos

130 3708 191 3751 ter.
208 3697 240 3746 2⁰
256 3695 371 3745 Etiamsi
382 3692 510 3743 Valesius
527 3693 629 3757 optime
640 3695 702 3744 atii·
736 3694 824 3756 Petri,
839 3696 982 3747 nondocat
991 3697 1101 3759 quidem
1110 3697 1184 3748 Ordo
1195 3696 1293 3748 Roma-

133 3788 236 3856 gissel
245 3798 355 3836 sensum
369 3783 504 3847 Dionysii,
512 3782 590 3834 facile
603 3783 627 3832 is
641 3798 701 3848 sup·
735 3799 787 3835 nus
807 3785 835 3835 in
853 3784 953 3834 ritibus
970 3799 1003 3834 ea
1026 3784 1170 3835 occasione
1190 3787 1292 3837 servari

133 3874 211 3943 poni
224 3873 394 3938 potestidum
404 3869 544 3922 vinculum
553 3871 622 3922 iliud
632 3872 703 3924 inter
735 3873 834 3930 solitis,
851 3873 960 3937 qualem
977 3874 1111 3926 habemus
1128 3873 1292 3938 impressum

131 3960 703 4018 Ronmnosetcorinlhiosindorcsnltans
737 3963 858 4015 Veneriis
878 3977 951 4014 anno
977 3964 1047 4022 1562,
1065 3965 1112 4014 sed
1133 3977 1221 4026 neque
1241 3965 1290 4015 ho-

132 4051 218 4119 quod
231 4050 338 4114 utrique
351 4066 368 4102 a
380 4050 466 4100 Petro
478 4050 506 4100 ct
518 4049 602 4101 Paulo
619 4065 697 4102 sran—
732 4053 1003 4118 die1·napraxis‚aui
1016 4053 1115 4116 aliquis
1128 4066 1208 4118 cluam
1220 4053 1291 4119 lege·

130 4141 260 4212 galleam
276 4141 423 4192 veritatem
441 4137 630 4200 concitarant,
649 4155 702 4191 non
736 4142 788 4193 rim
800 4144 905 4193 auctor.
921 4163 933 4184 n

131 4227 484 4288 uthistoricusdesciibit
493 4228 540 4279 scd
550 4226 577 4278 in
586 4229 700 4298 epistola
