3170 5134
460 481 522 528 mr.
546 478 583 527 ιν.
607 481 640 528 m
661 479 846 528 nrrrourrrs.
1165 467 1223 529 lari

107 681 119 710 -·
138 645 315 726 Romanos
334 647 524 750 episcopos
542 649 695 762 vocatos
715 645 848 736 fuisse;
869 671 962 748 quos
979 647 1094 725 etiam
1112 648 1151 727 S.
1173 649 1219 726 P.

108 784 303 861 ”Nicolaus
323 784 362 862 II
384 784 423 860 in
445 784 590 861 decreto
611 782 657 860 de
677 782 856 859 electione
878 782 1042 861 Romani
1064 784 1222 862 Pontifi-

106 917 183 991 -cis
199 917 235 993 in
251 919 402 1020 Synodo
424 918 598 996 Romana
618 916 708 994 anni
730 921 823 994 1059
845 916 979 994 emisso
1003 917 1223 998 Oardinales

105 1052 312 1154 aepiscopos
334 1053 514 1129 nominat.
540 1053 584 1129 ln
611 1051 853 1130 chartulario
875 1051 1062 1144 Farfcnsi‚
1087 1055 1222 1132 Mabil-

103 1219 119 1246 ,-
138 1183 225 1262 lonio
241 1193 346 1279 teste,
363 1190 468 1266 Dodo
486 1189 681 1291 episcopus
700 1187 915 1266 Sabinensis
932 1192 970 1266 et
987 1188 1223 1268 Tusculanus

102 1352 118 1379 π
137 1324 306 1399 vocantur
322 1323 486 1424 episcopi
504 1321 619 1399 Urbis
637 1324 687 1419 (ι).
712 1357 727 1386 n

143 1509 198 1596 25.
222 1516 382 1594 Bursam
405 1518 531 1592 autem
557 1517 756 1617 utramque
782 1516 1053 1617 praecedentem
1083 1520 1223 1621 opinio-

95 1677 172 1729 nem
187 1653 390 1757 conjungit‚
410 1653 610 1730 admittens
632 1653 822 1755 episcopos
847 1655 1125 1733 suburbicarias
1143 1658 1223 1758 jam

93 1792 246 1890 tempore
264 1789 462 1893 Hippolyti
480 1790 676 1891 adjunctos
693 1789 809 1868 fuisse
826 1790 925 1869 clero
951 1818 1016 1869 seu
1035 1795 1222 1896 presbyte-

92 1921 146 1998 rio
163 1923 344 2014 Romano,
365 1925 463 2026 quod
481 1927 610 2026 postea
627 1923 827 2026 collegium
852 1926 1112 2004 Oardinalium
1138 1955 1222 2006 con-

91 2061 218 2151 stituit,
237 2066 273 2139 et
286 2062 368 2138 ideo
387 2061 577 2163 episcopos
596 2060 789 2139 Romanos
806 2066 971 2140 vocatos.

139 2235 199 2320 26·
222 2241 436 2318 Videndum
465 2241 590 2341 itaque
615 2265 690 2342 qua
720 2240 982 2342 probabilitate
1012 2240 1093 2317 haec
1123 2242 1223 2319 dicta

88 2374 169 2452 sint.
186 2376 235 2453 Et
247 2377 446 2478 Imprimis,
458 2375 560 2477 ‘quod
578 2376 715 2454 attinet
730 2375 779 2453 ad
797 2375 971 2452 ultimam
985 2376 1220 2466 sententiam,

88 2535 130 2586 ex
157 2512 404 2589 monumentis
435 2511 623 2588 historicis
650 2510 842 2612 colligitur
864 2512 1003 2614 potius,
1029 2536 1147 2612 usque
1175 2511 1222 2588 ad

14 2627 15 2640 ἶ
88 2643 245 2721 medium
262 2670 336 2722 sec.
353 2644 463 2734 VIII,
483 2645 558 2722 imo
572 2650 609 2722 ct
625 2670 743 2747 usque
760 2645 807 2722 ad
825 2670 899 2722 sec.
920 2645 956 2722 X
973 2644 1033 2722 vel
1051 2645 1122 2734 XI,
1142 2644 1224 2722 nul-

87 2777 138 2854 los
166 2781 371 2882 episcopos,
403 2804 524 2880 neque
557 2779 751 2881 speciatim
784 2779 975 2882 episcopos
1006 2779 1222 2856 suburbica-

86 2912 156 2989 rios
186 2917 226 3012 (a)
250 2913 455 2991 accensitos
481 2913 597 2990 fuisse
621 2913 720 2990 clero
746 2914 920 2991 Romano
945 2917 1012 2990 aut
1039 2911 1157 2989 ullam
1183 2912 1223 2988 in

86 3048 239 3148 negotiis
256 3048 422 3126 eoelesiae
441 3048 638 3137 Romanae,
658 3049 737 3126 sive
750 3047 964 3136 ordinariis,
984 3049 1064 3124 sive
1077 3046 1224 3148 gravio

87 3181 183 3258 ribus
210 3185 247 3258 et
275 3182 598 3272 extraordinariis
626 3183 830 3261 tractandis
857 3187 1001 3286 partem
1032 3183 1219 3260 habuisse.

86 3313 189 3402 Quod
219 3315 306 3394 licet
334 3317 567 3418 argumentis
597 3317 781 3418 negativis
810 3321 960 3395 tantum
989 3316 1220 3405 ostendatur,

85 3453 245 3526 attamen
270 3449 351 3527 haec
380 3474 424 3546 eo
448 3449 634 3550 grauioris
660 3450 838 3526 momenti
864 3449 1016 3526 suntin
1045 3447 1222 3550 praesenti

87 3583 283 3682 quaestione
312 3584 410 3686 quod
440 3585 662 3663 documenta
692 3585 813 3664 multa
842 3590 879 3663 et
908 3588 1012 3662 certa
1041 3583 1222 3661 habemus

113 3870 140 3933 b)
156 3871 296 3922 Praeterea
315 3870 381 3932 (not.
402 3871 442 3921 82.
465 3870 543 3932 ibid.)
562 3834 630 3924 cital
665 3887 726 3926 nne
738 3873 887 3926 Portuensi
899 3872 1037 3938 episcopo.
1053 3893 1065 3914 ’ν

87 3956 210 4027 Ruggieri
222 3961 441 4026 subscrIptiones
452 3961 563 4014 decreto
580 3963 629 4014 Ni·
696 3969 727 4028 (ε)
739 3965 893 4018 Ostiensem
903 3966 1018 4028 scilicet,
1030 3949 1222 4020 Portuensem,

87 4047 147 4098 colai
158 4049 204 4102 Il:
220 4073 233 4093 u
249 4049 451 4101 Barbanna...
466 4051 632 4104 Albancnsis
666 4053 896 4115 Praenostensom
921 4055 1117 4120 arbanensem,
1143 4057 1221 4109 Sabi-

89 4137 260 4204 ·cpiscopus,
289 4137 412 4190 Ubartus
445 4140 631 4205 episcopua...
668 4156 790 4207 mensem,
808 4145 995 4196 Tusculanum
1016 4147 1044 4196 et
1063 4147 1223 4210 episcopum

14 4275 16 4282 ,
89 4223 189 4288 -Splrae
209 4228 383 4288 Candidae...‚
404 4229 504 4280 Petrus
524 4229 632 4282 Ostien—
668 4231 694 4284 S.
709 4231 827 4294 Rufina,
846 4235 893 4297 qui
906 4249 979 4285 nunc
996 4235 1164 4298 praecipuum
1180 4232 1220 4286 lo·

89 4315 144 4364 ·sis
164 4320 327 4383 episcopus,
353 4319 453 4370 Petrus
480 4319 632 4372 Lauicanus
665 4336 728 4374 cum
751 4323 779 4374 ln
802 4323 921 4389 collegio
944 4323 1132 4376 Cardinalium
1152 4322 1221 4372 obti-

89 4406 258 4474 -opiscopua
271 4408 438 4472 Hujusmodi
451 4407 571 4464 Romani
581 4415 636 4474 epi-
669 4415 744 4464 nont.

90 4501 635 4566 ·scopisubsoripseruntunacumJoan-
