3170 5134
472 497 535 543 clr.
559 495 596 543 iv.
621 495 655 542 sn
677 493 865 542 dracontius,
1194 481 1248 545 lii

121 666 193 737 tum
212 663 259 740 sit
278 687 415 740 nomen
437 663 636 767 Hippolyti
658 663 757 739 inter
778 661 1060 753 Geminianum,
1081 663 1254 765 ignotum

94 829 98 836 ·
121 792 270 895 aliquem
290 798 550 899 presbyterum
571 796 863 886 Antiocheam,
883 801 920 874 et
941 796 1139 902 Beryllum
1159 801 1253 904 epis-

120 955 242 1034 copum
265 935 506 1026 Bostrenum,
531 935 637 1013 nullo
664 933 734 1012 soli
760 935 816 1011 illi
841 935 983 1012 nomini
1007 936 1184 1037 adjuncto
1208 940 1254 1016 ti-

121 1065 203 1156 tulo,
222 1069 329 1148 sacile
351 1074 554 1174 potuerunt
574 1069 729 1172 quidam
752 1068 973 1172 Hippolyto,
993 1071 1101 1171 cujus
1121 1094 1254 1147 nomen

120 1203 256 1304 quidem
277 1206 421 1284 celebre
437 1209 532 1295 erat,
552 1210 592 1282 at
609 1205 689 1283 vita
706 1206 857 1283 omnino
879 1206 1040 1283 tenebris
1062 1209 1252 1300 obvoluta,

119 1338 270 1416 tribuere
299 1341 456 1418 titulum
484 1340 594 1417 illum
624 1341 831 1443 presbyteri
858 1341 922 1443 qui
950 1341 1153 1420 debebatur
1183 1347 1254 1422 Ge-

118 1472 287 1565 minium,
308 1476 519 1580 praesertim
537 1475 569 1552 si
587 1476 627 1552 in
644 1475 832 1576 aliquibus
850 1475 1039 1552 codicibus
1057 1478 1257 1576 oscitantia

118 1605 349 1688 librariorum
372 1611 512 1689 omissa
535 1611 650 1688 fuerit
673 1609 861 1712 particula
883 1624 931 1688 el.
957 1617 997 1688 2⁰
1018 1613 1100 1691 Ado
1124 1613 1257 1692 deinde

118 1747 150 1818 et
170 1747 413 1848 martyrologi
439 1749 502 1849 qui
529 1771 616 1823 eum
642 1746 760 1822 secuti
786 1749 887 1834 sunt,
920 1745 1086 1824 nolentes
1113 1747 1256 1852 Hippo-

118 1873 189 1976 lyto
213 1879 395 1980 praeclaro
422 1880 477 1956 illi
504 1881 678 1983 scriptori
708 1879 977 1970 ecclesiastico,
1007 1881 1104 1960 hano
1129 1888 1257 1962 notam

118 2007 210 2086 inuri
228 2013 324 2114 quod
343 2014 564 2092 adhaesisset
581 2013 774 2091 schismati
794 2015 1011 2106 Novatiani,
1027 2041 1144 2118 quum
1161 2045 1257 2122 prae·

118 2148 239 2225 sertim
267 2149 420 2229 aliunde
450 2151 598 2258 nullum
632 2151 746 2252 hujus
777 2150 830 2226 rei
861 2150 1042 2228 indicium
1073 2157 1254 2246 exstaret,

21 2261 22 2326 Ῑ
118 2305 298 2386 quumque
319 2290 503 2389 praeterea
524 2285 738 2363 invenirent
760 2285 1011 2388 Hippolytum
1033 2286 1133 2365 huno
1154 2314 1256 2392 pres-

119 2416 281 2518 byterum
301 2423 579 2500 Antiochenam
604 2429 640 2500 et
661 2428 880 2525 martyrem,
901 2449 944 2501 ac
965 2423 1123 2527 denique
1145 2427 1257 2505 habe·

21 2519 23 2609 i
119 2560 193 2632 rent
214 2581 260 2631 ex
284 2555 447 2633 Eusebio
468 2561 520 2634 H.
545 2562 592 2633 Ε.
618 2557 686 2634 Vl.
711 2564 759 2634 46
781 2559 818 2656 (l)
840 2557 1022 2659 quosdam
1045 2561 1256 2639 Antiochiae
1286 2659 1292 2671 .

22 2691 24 2702 ’
118 2692 253 2765 secutos
271 2714 353 2766 esse
370 2689 534 2767 schisma
558 2691 697 2768 Novati
716 2694 793 2791 (seu
813 2693 1041 2792 Novariam),
1066 2695 1175 2771 facile
1192 2697 1257 2773 ad-

22 2883 23 2890 ,
119 2818 212 2897 ducti
230 2824 383 2900 suntad
402 2825 641 2903 tribuendum
662 2825 869 2929 Hippolyto
889 2828 1106 2928 presbytero
1126 2831 1256 2908 Antio-

22 3003 23 3014 *
120 2954 226 3034 cheno
250 2984 405 3062 eaquae
430 2961 661 3038 Prudentius
685 2963 730 3039 de
754 2962 970 3065 presbytero
997 2961 1170 3042 Romano
1197 2965 1256 3042 val

22 3059 24 3132 l
121 3086 275 3169 Ostiensi
294 3095 460 3196 ejusdem
479 3095 642 3174 nominis
661 3101 885 3176 narraverat
903 3101 953 3196 (a).
993 3187 995 3192 .

149 3387 176 3448 (1)
189 3387 218 3438 P.
231 3388 262 3440 G.
277 3390 296 3440 t.
310 3389 372 3441 XX.
386 3405 413 3456 p.
426 3393 483 3443 635.
699 3395 758 3443 tum
787 3405 848 3443 esse
883 3391 1063 3456 Hippolytum
1097 3394 1257 3460 episcopum

23 3535 24 3546 χ
150 3477 176 3540 (r)
192 3479 302 3531 Adverti
321 3483 415 3532 tamen
435 3483 525 3547 potest
546 3481 665 3546 priorem
700 3481 894 3534 Porluensem.
924 3481 985 3531 Vid.
1019 3479 1125 3532 Iatrod.
1157 3483 1256 3536 Gener.

123 3563 666 3623 traditionemservatamesseineditione
700 3570 1147 3636 Append.ii.§l(pag.502y.-
1163 3571 1259 3634 Neque

123 3645 201 3703 Pinna
215 3655 351 3709 Breviarii
372 3657 490 3710 Romani
506 3661 550 3723 (ad
565 3661 597 3711 22
612 3661 667 3711 Au·
702 3663 744 3712 eet
756 3673 806 3711 cur
818 3661 998 3710 immoremur
1009 3659 1036 3709 in
1048 3661 1213 3723 inquirendo
1225 3661 1259 3714 da

123 3744 208 3806 gast-ii,
225 3748 271 3798 ubi
288 3749 374 3799 etiam
388 3749 557 3815 Hippolytus
568 3749 671 3802 dicitur
703 3750 767 3801 aliis
786 3748 952 3814 Hippolyta,
970 3762 1088 3812 quorum
1104 3749 1193 3801 nolum
1210 3765 1258 3801 no-

121 3835 257 3898 madum,
280 3840 308 3889 et
328 3838 357 3888 in
380 3839 499 3892 editione
523 3841 669 3891 emendata
702 3841 802 3890 menet
814 3837 892 3890 locus
905 3839 951 3888 ubi
964 3838 1102 3900 coluntur,
1115 3840 1143 3890 in
1157 3842 1246 3904 marty

121 3919 191 3978 iussu
213 3925 362 3978 Clementis
380 3925 447 3978 Vlll
468 3929 587 3993 primum
607 3929 669 3980 loco
703 3929 820 3994 rologiie
832 3928 995 3994 consignata
1006 3932 1079 3980 sunt.

125 4003 190 4059 illine
205 4011 349 4082 Hippolyti
367 4017 518 4082 presbyteri
535 4018 667 4070 substitu-
